1962 3262
330 295 406 333 170
819 291 1039 334 lthRssRl
1072 292 1171 333 [ΑΒ.
1204 291 1263 332 11.

325 373 435 431 bat,
463 388 575 420 cum
599 388 656 420 ea
679 372 859 421 facilius
875 373 938 422 ad
962 390 1046 421 eos
1068 373 1316 439 pervenire
1340 373 1521 434 valeat3
1541 390 1655 425 nam
1673 376 1759 441 «μὶ

321 450 410 498 sibi
447 450 545 515 regi
581 466 680 499 non
718 442 938 511 indulsit,
979 451 1137 499 minus
1170 450 1261 499 illis
1291 450 1605 500 indulturum.
1641 455 1760 512 Qua

322 529 502 587 oratio,
548 527 803 595 plurimam
845 528 1073 577 invidiam
1116 529 1327 595 paravit,
1382 546 1439 577 ac
1484 530 1664 580 amico·
1708 531 1759 580 in

323 606 490 654 odium
514 606 724 655 Wilelmi
749 607 990 667 incitavit,
1018 623 1129 655 cum
1153 618 1202 655 et
1219 608 1309 674 ipsi
1327 608 1545 672 quamvis
1561 607 1763 658 latenter

324 685 366 732 ei
390 683 655 733 admodum
679 684 962 733 inviderent.
992 687 1107 733 Otto
1133 701 1214 734 rex
1243 685 1305 734 ad
1330 702 1414 734 sua
1439 685 1594 753 rediit.

432 815 590 852 ΧΧΧῙΙ.
606 836 655 844 -
672 817 883 853 Deliberatio
898 817 1057 864 Rufioni·
1070 825 1106 853 et
1122 817 1259 853 Amulli
1275 816 1321 853 de
1347 826 1460 853 morte
1474 817 1649 853 witelmi.

394 916 530 978 Hugo
561 923 609 961 et
642 913 861 962 Amulfus
885 913 1002 980 quid
1029 913 1195 963 facturi
1218 913 1443 963 wilelmo
1470 924 1627 964 essent
1653 913 1766 963 deli-

329 990 574 1039 berabant.
597 991 645 1038 Si
664 1008 777 1040 eum
795 991 953 1056 gladio
971 992 1193 1042 occidant
1209 1028 1222 1052 ,
1249 992 1311 1040 ad
1341 993 1504 1041 omnia
1532 1008 1635 1042 sese
1664 991 1766 1040 fleri

329 1069 644 1135 expeditiones
685 1069 890 1118 aiebant.
935 1072 1108 1135 Regem
1143 1070 1286 1118 etiam
1321 1069 1383 1117 ad
1428 1069 1768 1135 quodcumque

334 1145 495 1194 volent
518 1145 699 1194 facilius
716 1147 998 1207 inflexuros,
1026 1147 1066 1195 si
1092 1148 1131 1195 is
1154 1147 1311 1196 solum
1339 1158 1532 1213 pereat,
1561 1163 1662 1212 quo
1686 1165 1766 1196 rex

332 1222 478 1271 foetus
493 1223 762 1288 adquaeque
781 1225 906 1272 flecti
922 1235 1142 1290 nequeat.
1166 1226 1214 1273 Si
1231 1235 1392 1273 autem
1409 1241 1510 1273 non
1526 1223 1764 1286 ooddant,

332 1299 592 1349 discordias
626 1312 767 1366 atque
801 1302 904 1349 lites
933 1303 1035 1351 sine
1069 1303 1219 1351 dubio
1251 1313 1590 1370 proventuras,
1616 1318 1672 1350 ac
1694 1302 1770 1351 his

333 1379 584 1427 occasione
607 1396 815 1439 emersa,
845 1381 1106 1429 multorum
1133 1391 1337 1446 stragem
1361 1381 1584 1430 futuram.
1608 1383 1665 1429 At
1686 1379 1771 1430 ho-

335 1474 442 1504 rum
475 1467 731 1523 utrumque
765 1459 1086 1525 perniciosum
1117 1459 1400 1518 censebant,
1428 1475 1540 1506 cum
1573 1458 1624 1506 in
1650 1458 1771 1507 oeci-

334 1534 468 1583 sione
499 1535 745 1584 homicidii
777 1547 933 1585 reatus
958 1537 1276 1596 redundaret,
1305 1547 1353 1585 et
1375 1538 1426 1585 in
1453 1536 1771 1585 reservatione

334 1612 532 1660 tirannis
565 1613 721 1661 futura
756 1624 1020 1680 appareret.
1055 1618 1127 1662 De
1161 1615 1400 1662 occisione
1441 1613 1635 1663 tandem
1668 1630 1772 1679 per-

334 1691 483 1750 suasi,
511 1701 782 1756 patraturos
807 1692 987 1740 facinus
1004 1693 1268 1741 accersiunt
1281 1730 1294 1753 ,
1322 1694 1421 1741 vim
1438 1692 1615 1756 negotii
1629 1691 1772 1758 expli-

335 1778 522 1827 cantes,
557 1778 700 1833 atque
731 1769 782 1816 in
806 1769 1083 1818 wilelmum
1113 1771 1364 1835 conjurare
1396 1770 1590 1819 faciunt.
1625 1769 1774 1834 Cujus

338 1845 677 1894 interfectionis
700 1846 845 1894 series
881 1863 994 1895 mox
1027 1848 1157 1914 apud
1181 1849 1455 1913 conjuratos
1478 1849 1543 1896 ita
1565 1847 1775 1914 disponi·

340 1933 441 1971 tur:
465 1934 518 1972 ut
535 1923 597 1972 ab
616 1924 810 1972 Arnulfo
828 1924 968 1990 legati
986 1926 1300 1986 mitterentur,
1322 1927 1403 1992 qui
1421 1942 1512 1992 pro
1528 1925 1772 1991 colloquio

341 2001 488 2050 multa
505 2002 782 2050 necessitate
796 2002 846 2050 in
870 2003 1090 2069 proximo
1108 2003 1332 2052 habendo
1347 2003 1478 2071 apud
1494 2002 1771 2052 wilelmum

340 2079 514 2129 idonee
537 2079 771 2146 legatione
796 2079 1130 2145 fungerentur,
1151 2081 1213 2130 de
1235 2091 1453 2149 tempore
1476 2090 1741 2147 quaterent
1755 2117 1768 2140 ‚

344 2156 540 2223 quando
585 2156 674 2204 sibi
719 2156 1074 2207 obveniendum
1116 2158 1259 2219 foret3
1300 2158 1461 2207 locum
1495 2174 1611 2209 vero
1642 2173 1780 2207 secus

344 2234 542 2283 fluvium
568 2237 814 2283 Summam
831 2245 1073 2303 peterent,
1095 2253 1194 2301 quo
1212 2237 1313 2304 ipse
1331 2253 1359 2284 a
1376 2246 1501 2286 terra
1516 2251 1601 2288 sua
1617 2234 1779 2301 egredi

343 2324 391 2362 et
432 2313 738 2362 collocuturis
779 2312 1008 2362 obvenire
1056 2313 1345 2379 dignaretur.
1388 2314 1483 2373 Qui
1526 2322 1780 2379 postquam

343 2391 612 2451 adveniret,
658 2401 706 2439 et
745 2391 807 2439 ab
844 2392 1006 2440 amicis
1040 2402 1265 2458 exceptus
1300 2401 1446 2451 esset,
1485 2390 1546 2439 de
1576 2390 1780 2443 amicitia

345 2469 603 2535 plurimum
616 2505 629 2528 ,
657 2468 861 2516 multum
878 2469 1022 2517 etiam
1040 2468 1102 2517 de
1118 2469 1213 2517 fide
1231 2478 1571 2535 proponerent.
1594 2471 1654 2516 Et
1668 2470 1780 2534 quia

347 2558 461 2595 tunc
480 2547 581 2595 suis
605 2547 803 2613 stipatus
826 2545 1022 2611 pervadi
1047 2562 1147 2594 non
1178 2556 1364 2613 posset,
1394 2546 1513 2594 ictus
1535 2545 1781 2594 differren-

347 2636 423 2673 tur
438 2663 451 2685 ,
480 2625 637 2674 donec
660 2625 821 2673 navim
845 2633 1103 2690 repeteret,
1133 2624 1171 2670 si
1201 2624 1322 2671 forte
1346 2624 1534 2688 navigio
1563 2637 1683 2671 eum
1698 2622 1782 2671 ad·

348 2705 530 2751 venisse
541 2703 852 2768 contingeret.
867 2705 1083 2767 Cumque
1096 2702 1194 2766 jam
1215 2702 1452 2766 navigaret
1471 2718 1557 2768 per
1567 2701 1777 2768 pelagus,

347 2800 431 2846 pm·
449 2783 722 2846 conjuratos
743 2781 892 2828 multo
912 2780 1119 2828 clamore
1139 2790 1460 2838 revocaretur,
1489 2780 1583 2827 acsi
1602 2778 1781 2844 aliquid
