1962 3262
354 311 430 351 16⁴
842 308 1061 349 monent
1096 308 1194 349 ΗΒ.
1228 308 1284 348 11.

351 449 525 484 xxvlu.
539 466 588 475 —
597 447 673 484 Rea
686 459 751 496 per
769 447 960 495 limga-um
976 447 1140 483 comitem
1160 446 1371 483 wilelmum
1388 446 1515 482 ducem
1525 446 1591 482 sibi
1605 447 1782 485 metha.

416 554 602 603 Etenim
632 571 714 603 rex
737 553 979 602 bonorum
1012 569 1125 601 usus
1149 553 1364 613 consilio,
1395 555 1690 620 Rotgarium,
1720 555 1786 604 vi·

350 648 459 680 rum
483 631 682 692 clarum,
704 631 927 679 Wilelmo
938 641 1213 698 pyratarum
1230 633 1431 698 principi
1457 650 1545 698 pro
1577 650 1627 682 se
1645 632 1783 683 locu-

350 720 511 758 turum
535 709 719 758 direxit.
749 710 842 767 Qui
861 709 989 775 apud
1018 726 1129 757 eum
1155 726 1246 775 pro
1266 728 1373 776 rege
1398 712 1578 777 optime
1595 711 1784 760 functus

354 788 605 854 legatione,
628 787 692 835 ibi
708 788 850 835 rebus
866 787 1087 835 humanis
1103 788 1315 850 excessit²
1345 792 1463 835 Ante
1480 799 1639 838 tamen
1658 790 1785 856 prin-

350 867 444 933 cipi
475 883 625 931 usque
651 866 713 914 ad
747 866 966 913 effectum
1000 866 1159 913 suasit.
1210 869 1326 913 Nam
1358 883 1456 914 non
1489 867 1639 915 multo
1674 878 1785 934 post

349 962 547 992 suorum
562 943 796 1009 legatione
821 960 979 1007 regem
993 942 1194 991 fideliter
1208 945 1417 1005 accersit,
1438 955 1784 1012 exceptumque

353 1021 581 1083 Rodomi,
625 1020 892 1086 ingentibus
942 1020 1083 1067 donis
1131 1020 1403 1085 dignissimi?
1430 1022 1441 1047 ‘
1496 1023 1777 1072 accumulat.

354 1098 491 1147 Unde
514 1109 562 1147 et
579 1099 755 1147 factum
773 1108 860 1158 est,
883 1107 935 1145 ut
959 1097 1037 1145 alii
1051 1097 1165 1146 hinc
1190 1098 1516 1160 formidantes,
1537 1101 1600 1150 ad
1623 1119 1783 1168 regem

352 1177 675 1243 tempestivius
698 1192 801 1224 sese
824 1175 1128 1223 contulerint.
1158 1176 1408 1224 Wilelmus
1425 1177 1584 1243 itaque
1600 1180 1787 1245 Aqmtoe

351 1271 526 1303 norum
552 1253 667 1313 dux,
705 1252 1154 1318 Brittannorumque
1185 1253 1375 1314 Alanus,
1407 1255 1583 1321 piratas
1607 1257 1784 1323 regiam

352 1349 452 1381 rem
483 1348 649 1379 curare
676 1330 1037 1396 comperienteS,
1072 1346 1314 1378 accessum
1340 1342 1596 1395 maturant,
1625 1352 1785 1402 regem

350 1410 546 1468 adeunt,
579 1419 722 1474 atque
757 1407 853 1456 fide
886 1408 1013 1474 pacti
1052 1408 1273 1456 miliciam
1301 1409 1479 1473 jurant.
1517 1412 1599 1461 His
1627 1413 1786 1482 itaque

353 1503 433 1534 mx
462 1486 688 1544 collectis,
728 1483 960 1551 praedictis
998 1486 1194 1533 tirannis
1213 1486 1231 1511 ²
1266 1503 1401 1535 secus
1427 1489 1626 1538 fluvium
1660 1495 1785 1542 Isara

352 1565 598 1613 locuturus
621 1563 853 1630 procedit.
894 1563 1084 1611 Tit-anni
1111 1564 1293 1628 regium
1316 1566 1577 1630 equitatum
1601 1585 1787 1636 suspecx

355 1654 456 1690 tum
478 1642 723 1701 habentes,
746 1650 1090 1707 praevenerunt,
1118 1647 1261 1707 atqu‘e
1284 1645 1455 1708 pontes
1475 1645 1788 1712 praecipitave-

355 1730 484 1780 runt,
511 1737 656 1768 naves
690 1720 1060 1784 circumquaque
1086 1719 1134 1766 in
1174 1718 1303 1767 aliud
1337 1719 1446 1767 litus
1469 1721 1781 1785 abducentes3

356 1798 518 1863 sicque
535 1813 645 1844 cum
664 1797 759 1844 suis
775 1796 824 1844 in
842 1795 1043 1844 adverso
1058 1796 1267 1844 fluminis
1283 1797 1429 1858 ¹litore
1446 1799 1781 1851 consederunt.

357 1876 552 1925 Duabus
576 1885 761 1923 tantum
786 1873 1014 1922 naviculis
1041 1874 1154 1922 hinc
1190 1875 1301 1922 inde
1324 1877 1673 1939 cursitantibus,
1699 1898 1788 1948 per

359 1954 675 2002 internuntios
706 1953 1028 2000 controversia
1056 1953 1178 2000 inter
1214 1953 1318 2000 illos
1348 1955 1517 2019 agitata
1546 1967 1631 2006 est.
1668 1960 1787 2008 Tan·

359 2030 470 2079 dem
485 2029 574 2079 sub
591 2047 709 2097 pace
727 2041 966 2095 sequestra
985 2030 1206 2080 obsidum
1225 2033 1332 2097 jure
1347 2051 1374 2081 a
1399 2052 1500 2083 sese
1515 2035 1781 2088 discedunt.

362 2166 498 2202 xxtx.
526 2186 575 2194 -
599 2165 799 2201 Ludovicm
827 2173 862 2200 et
885 2166 970 2201 ono
996 2178 1091 2214 neges
1121 2169 1157 2201 in
1179 2168 1374 2205 amiciciam
1400 2172 1632 2220 conveniunt,
1659 2187 1700 2210 ae
1724 2187 1788 2224 per

924 2222 1091 2258 ottonem
1112 2223 1227 2270 Hugo.

429 2329 524 2373 Rex
538 2323 830 2390 principibus
854 2324 902 2370 in
923 2340 1039 2388 pace
1068 2324 1286 2386 dimissis,
1308 2343 1418 2374 cum
1441 2330 1604 2394 paucis
1627 2331 1717 2379 iter
1737 2332 1787 2380 in

364 2403 596 2468 Belgicam
626 2410 886 2465 retorquet,
926 2402 1090 2448 ononi
1123 2402 1256 2466 cujus
1287 2421 1499 2452 sororem
1536 2408 1787 2473 conjugem

362 2482 452 2530 sibi
469 2479 729 2537 addixerat,
749 2479 810 2525 ad
829 2478 1123 2543 loquendum
1148 2480 1424 2528 obveniens.
1448 2486 1666 2541 Quorum
1679 2502 1790 2535 con-

363 2561 467 2608 silio
493 2556 642 2606 multa
656 2556 913 2604 concordia
933 2556 1137 2615 firmato,
1165 2558 1416 2606 amicitiam
1435 2571 1603 2613 mutuo
1629 2562 1790 2613 condi·
1867 2570 1871 2574 '

366 2637 573 2686 tionibus
597 2643 822 2684 statuunt.
855 2638 918 2681 Ac
937 2633 1029 2681 fine
1049 2635 1222 2698 negotii
1241 2635 1378 2694 sacto,
1409 2655 1486 2684 rex
1506 2637 1787 2689 Lauduhum

411 2771 420 2789 ⁸
448 2765 693 2802 humant-aime
714 2765 745 2796 l.

411 2826 426 2845 ⁸
453 2822 592 2870 llugoni
610 2830 642 2855 ct
658 2819 840 2854 lle-riberto
854 2818 977 2862 glosm.
