1962 3262
279 244 331 281 58
788 241 1005 283 luem-281
1041 243 1137 287 ΜΒ.
1174 244 1203 282 1.

281 344 303 366 «
335 338 448 370 nam
471 322 571 370 dux
590 322 867 371 Rotbertus'
894 325 1056 373 omnia
1082 325 1267 384 sitiens,
1298 326 1489 391 regique
1514 343 1712 392 regnum

281 420 303 444 α
334 401 605 449 immaniter
619 401 837 450 invidens
849 402 890 462 ¹,
911 403 1155 451 incautum
1173 413 1220 451 te
1237 403 1536 452 suasionibus
1549 404 1711 455 illexit.

282 500 304 523 α
335 478 463 538 Quid
481 479 612 528 enim
626 480 838 528 suasorie
847 479 1026 545 digesta
1037 497 1139 529 non
1154 479 1297 529 efficit
1310 482 1494 529 oratio?
1507 483 1715 532 Nimium

283 577 306 601 «
336 557 533 622 inquam
567 556 629 605 ab
654 558 866 623 utrisque
883 557 1158 606 oberratum
1187 569 1272 607 est.
1296 559 1390 607 Sed
1402 560 1503 624 jam
1522 560 1716 610 tandem

282 656 305 680 α
334 635 467 702 prior
506 634 645 684 vobis
684 635 848 685 redeat
881 636 1053 697 virtus;
1089 653 1277 685 summa
1315 638 1560 704 utriusque
1594 655 1711 706 ope,

283 734 307 758 u
335 722 536 779 uterque
568 714 770 773 nitatur,
810 724 863 763 ut
895 724 946 762 tu
974 713 1152 763 habeas
1191 731 1351 780 regem
1381 715 1466 764 tibi
1497 716 1715 783 adprime

283 791 662 852 (Μωωωοάιιω
681 802 729 840 et
737 809 819 840 rex
836 790 1011 840 habeat
1025 802 1072 840 te
1083 792 1240 840 virum
1254 792 1709 860 sesedignissimum.

284 873 458 919 «Nam
474 880 520 918 te
538 870 666 919 idem
683 880 905 937 praestare
923 870 1061 936 gestit
1072 869 1123 895 ''
1111 870 1167 918 tis
1184 870 1410 920 omnibus
1425 873 1545 940 qui
1525 874 1718 923 Germa·

285 970 308 992 u
338 949 499 997 niam⁴
531 947 798 997 inhabitare
815 957 1093 997 noscuntur.
1126 946 1205 996 Ob
1233 947 1358 997 hoc
1346 949 1486 1014 igitur
1502 950 1717 1000 animum

286 1047 309 1071 α
339 1026 402 1075 ad
428 1026 626 1075 meliora
652 1042 839 1075 revoca.
868 1026 1159 1074 Dominum⁸
1190 1025 1428 1090 abjectum
1452 1028 1633 1096 recipe,
1665 1039 1718 1077 ut

287 1126 308 1149 u
339 1115 387 1153 et
411 1115 462 1154 tu
481 1104 542 1154 ab
566 1121 626 1153 eo
651 1103 949 1153 extollendus
967 1104 1228 1170 excipiaris.
1259 1123 1282 1149 »

331 1236 762 1284 xxrw—nopomio·
782 1235 998 1271 Heius-idn
1021 1234 1099 1271 ad·
1122 1235 1431 1283 metropolitanum
1447 1236 1670 1273 fla-imum
1701 1236 1720 1285 ‘4

430 1306 433 1309 '
890 1294 936 1330 de
960 1295 1108 1330 Rau-olo.

349 1383 418 1431 Ad
430 1383 530 1432 haee
542 1384 790 1432 Heinricus
803 1384 819 1407 ¹
848 1402 859 1431 ε
882 1404 907 1429 «
923 1383 1088 1445 Multa,
1100 1385 1272 1450 inquit,
1290 1385 1441 1434 meab
1458 1385 1532 1434 his
1549 1385 1720 1436 dehor-

287 1483 308 1505 «
339 1472 522 1522 tantur,
549 1462 640 1510 nisi
674 1471 754 1510 tua
778 1471 914 1528 pater
945 1462 1130 1527 egregie
1155 1462 1326 1522 virtus,
1344 1461 1423 1511 ad
1448 1462 1578 1511 idem
1603 1479 1720 1529 quo-

286 1560 309 1583 «
339 1538 603 1587 dammodo
626 1538 885 1606 pertrahat.
913 1539 1022 1588 Scio
1046 1540 1176 1589 enim
1202 1556 1348 1606 quam
1366 1539 1556 1589 difficile
1579 1551 1628 1590 et
1650 1558 1720 1590 ar-

287 1638 309 1662 «
340 1617 493 1665 duum
511 1618 592 1678 sit,
622 1618 667 1666 ei
691 1616 946 1666 eonsilium
962 1616 1100 1677 dm,
1133 1615 1244 1665 cum
1271 1634 1358 1666 sua
1373 1618 1715 1678 inconstantia,

287 1715 310 1738 α
341 1705 443 1743 tum
460 1711 659 1743 suorum
677 1693 869 1743 invidia.
892 1697 1001 1743 Non
1018 1704 1091 1743 est
1104 1695 1400 1761 incognitum
1418 1695 1553 1755 mihi,
1573 1711 1721 1762 quan-

287 1792 310 1816 «
340 1781 443 1820 tum
460 1788 551 1839 pro
563 1788 623 1820 eo
639 1770 773 1820 domi
789 1770 1060 1838 militiaeque
1074 1772 1262 1840 pridem
1279 1774 1575 1822 certaverim.
1598 1772 1720 1823 mud

286 1869 309 1894 «
338 1850 483 1898 etiam
515 1850 818 1898 notissimum
850 1859 1061 1910 constat,
1103 1861 1337 1916 quantum
1365 1851 1491 1899 circa
1523 1867 1602 1900 me
1624 1849 1721 1899 fide

287 1947 310 1972 «
340 1927 501 1977 debita
524 1927 701 1976 abusus
717 1927 793 1976 sit.
816 1927 868 1976 1d
888 1927 1096 1976 fortassis
1119 1938 1254 1995 pater
1277 1928 1558 1995 persuades,
1584 1927 1718 1994 quod

286 2026 309 2050 α
338 2023 451 2054 cum
468 2005 644 2054 sactum
662 2005 768 2066 erit,
790 2004 954 2054 fecisse
969 2005 1215 2072 penitebit.
1239 2006 1333 2054 Sed
1350 2007 1464 2072 quia
1479 2005 1542 2055 de
1559 2005 1717 2055 ruituro

285 2104 309 2128 u
338 2101 484 2132 nemo
502 2085 613 2132 satis
629 2083 850 2144 callidus,
871 2101 1017 2132 nemo
1041 2085 1153 2132 satis
1170 2084 1382 2151 prudens
1405 2083 1484 2143 fit,
1511 2083 1621 2133 lieet
1642 2100 1721 2132 sae-

286 2182 311 2207 «
338 2163 447 2229 pius
487 2179 634 2229 prava
673 2180 820 2229 quam
849 2161 980 2210 bona
1018 2162 1216 2210 consilia
1244 2162 1554 2229 proveniant,
1598 2161 1721 2210 ferar

286 2261 310 2285 «
339 2257 646 2307 quocumque
665 2241 827 2306 jubes3
850 2234 1228 2306 modestiamque
1246 2256 1426 2300 meam,
1456 2249 1566 2306 post
1589 2248 1720 2287 tuam

331 2369 353 2392 ⁸
377 2367 714 2413 andnuman.

334 2424 345 2444 ⁸
373 2422 597 2460 &additum

330 2480 387 2514 ¹5.
404 2478 714 2517 niveinimtotibi
729 2481 846 2516 nescio
862 2481 932 2515 sive
949 2480 1079 2515 malum
1095 2479 1248 2527 cupienti
1269 2480 1300 2513 Ι.

335 2536 349 2555 ‘
374 2536 523 2584 cupiti.

335 2593 350 2613 ⁴
375 2592 597 2639 belgio-mi.

332 2650 347 2668 ¹
373 2649 416 2683 D.
444 2651 597 2684 muni.

332 2704 628 2751 “gislebertifl.

331 2762 344 2782 ¹
370 2761 624 2807 gislebertmt.
