1962 3262
280 254 356 293 110
782 250 997 291 mentitu
1029 250 1127 290 [ΑΒ.
1163 250 1195 289 1.

271 335 450 399 satique
478 333 524 379 in
564 348 741 389 unuin,
783 331 906 380 tubis
948 348 1002 379 ac
1043 332 1252 379 clamore
1280 341 1421 395 atque.
1455 346 1698 379 armorum

270 412 466 478 strepitu
512 410 558 458 in
609 410 760 458 noctis
794 409 992 475 caligine
1041 409 1206 458 urbem
1251 409 1515 457 exturbant.
1565 409 1701 458 Unde

269 491 394 537 cives
428 489 634 547 excitati,
679 505 789 536 curn
834 505 935 536 sese
960 487 1074 535 dolo
1109 503 1331 554 pervasos
1363 487 1695 546 advertissent,

268 569 374 633 suga
409 566 470 615 ab
498 565 713 614 hostibus
741 567 889 632 erepti
913 575 1038 614 sunt.
1078 564 1242 613 Nullus
1268 575 1450 631 captus,
1481 583 1541 613 eo
1565 565 1696 631 quod

267 646 453 704 hostes,
484 645 532 692 in
558 661 707 691 unum
734 644 910 706 juncti,
938 660 1023 710 per
1051 641 1216 690 urbem
1252 642 1453 708 dispergi
1481 640 1700 690 formida·

267 724 416 772 verint
439 741 449 769 ε
481 722 608 770 unde
631 732 678 770 et
705 721 928 769 omnibus
956 720 1225 787 profixgium
1255 721 1420 787 patuit.
1456 721 1592 767 Cives
1615 721 1699 768 ita·

264 817 358 866 que
389 799 605 857 abducti,
637 815 664 845 a
691 799 856 846 vicinis
881 814 1013 845 arma
1039 814 1094 845 ac
1122 797 1324 862 reliquas
1355 798 1600 864 suppecias
1627 814 1699 846 ac-

263 878 465 944 cipiunt,
494 887 541 924 et
559 876 637 924 die
655 877 822 941 quinta
846 875 1171 940 magnanimes
1200 875 1248 922 in
1279 874 1445 923 urbem
1464 875 1692 924 feruntur.

261 954 531 1002 Subur-bani
573 954 714 1002 etiam
760 953 952 1001 feliciter
989 953 1292 1001 subveniunt.
1335 956 1548 1018 Pugnam
1582 971 1696 1019 ergo

262 1033 613 1098 promptissime
654 1030 910 1090 adhibent3
953 1031 1222 1079 Adelelmus
1256 1047 1369 1079 vero
1407 1030 1698 1098 clericusque

260 1125 370 1156 cum
401 1110 497 1156 suis
525 1110 752 1157 acerrime
778 1110 1071 1168 renituntur;
1100 1119 1148 1156 at
1171 1108 1357 1173 vulgus,
1386 1109 1469 1173 qui
1502 1109 1551 1157 in
1577 1109 1695 1159 urbe

260 1197 574 1246 remanserat,
610 1187 774 1251 eisque
811 1186 955 1233 fidem
989 1195 1285 1234 sacramento
1320 1187 1516 1246 fecerat,
1549 1186 1695 1236 fidem

258 1264 520 1331 abrumpit,
548 1282 603 1312 ac
633 1282 660 1312 a
695 1274 827 1329 tergo
859 1263 1041 1311 duriter
1077 1280 1160 1311 eos
1195 1262 1336 1311 cedit.
1379 1264 1504 1311 Facti
1534 1274 1694 1313 autem

258 1342 467 1390 hostium
493 1342 660 1402 medii,
682 1342 731 1389 in
747 1341 1005 1389 aecclesiam
1022 1341 1182 1406 fugere
1197 1342 1348 1389 coacti
1367 1352 1493 1390 sunt.
1515 1342 1693 1392 Urbani

259 1437 390 1480 veru,
427 1420 488 1469 ab
510 1419 813 1469 interioribus
842 1420 1041 1486 recepti,
1071 1418 1368 1468 Adelelmum
1391 1436 1447 1467 ac
1470 1419 1692 1469 clericum

258 1501 475 1566 pensequi
501 1516 599 1547 non
620 1497 934 1558 desistebant;
962 1497 1209 1563 portisque
1231 1497 1448 1545 aecclesiae
1471 1499 1689 1560 concisis,

258 1577 417 1625 hostes
435 1587 687 1644 appetunt,
708 1594 763 1624 ac
778 1592 913 1624 secus
930 1574 1076 1623 altare
1092 1584 1320 1640 utrosque
1342 1592 1453 1622 cum
1477 1575 1693 1642 pluribus

258 1655 359 1703 aliis
392 1654 646 1703 crudeliter
672 1653 1041 1702 trucidaverunt.
1073 1651 1345 1717 Urbemque
1371 1653 1689 1719 possidentes,

257 1749 342 1780 sua
383 1750 617 1799 recepere.
653 1731 838 1790 Quibus
871 1731 1093 1797 patratis,
1121 1747 1177 1778 ac
1201 1730 1338 1795 legali
1363 1733 1584 1798 repurgio
1607 1750 1693 1783 ωο-

257 1811 395 1859 clesia
427 1810 707 1869 emundata,
737 1808 1006 1856 Walbertus
1029 1806 1327 1856 Corbeiensis
1357 1810 1622 1858 monachus
1644 1822 1691 1859 et

257 1889 425 1949 abbas,
453 1889 514 1936 ab
550 1905 659 1953 rege
694 1887 926 1946 donatus,
964 1903 1049 1952 per
1088 1886 1506 1952 metropolitanum
1541 1887 1690 1936 ‘Artot-

257 1967 374 2014 dum
400 1965 788 2014 Noviomensium
806 1974 1112 2012 consecratur
1135 1965 1402 2030 episcopus.

302 2099 432 2134 wa.
456 2119 503 2126 —
525 2098 716 2145 Aquitania
733 2098 752 2118 ⁸
780 2106 883 2144 atque
903 2097 1085 2132 Vasconiae
1099 2100 1117 2119 ⁹
1142 2097 1347 2145 principen’
1379 2098 1450 2145 regi
1471 2098 1640 2134 Rotberto

729 2154 907 2189 militaturi
925 2156 943 2174 ⁵
977 2161 1166 2188 occurrunt
1182 2156 1214 2187 ⁵.

321 2257 502 2302 Interea
534 2252 803 2299 Gothorum
843 2252 1078 2317 principes
1122 2250 1486 2315 Ragenmundus
1518 2262 1566 2299 et
1603 2254 1686 2300 Er-

257 2331 540 2398 mingaudus
563 2347 706 2396 super
731 2330 931 2394 Ligerim
957 2329 1153 2376 fluxium
1180 2329 1275 2394 regi
1302 2328 1573 2377 obvenienti
1600 2330 1686 2378 mi·

256 2413 438 2459 litatum
479 2418 758 2465 occurrunt,
805 2407 1000 2472 ejusque
1034 2405 1252 2454 manibus
1294 2422 1402 2454 suas
1444 2407 1680 2466 inserunt3

256 2489 470 2537 militiam
487 2485 750 2553 spondent,
773 2501 827 2531 ac
853 2483 964 2531 inde
990 2483 1133 2531 fidem
1158 2493 1301 2549 prout
1324 2501 1404 2532 rex
1418 2485 1553 2548 jubet
1574 2501 1688 2534 con—

253 2552 445 2614 cedunt.
482 2567 576 2612 Rex
605 2563 716 2611 inde
742 2562 1005 2627 digressus,
1037 2562 1084 2608 in
1109 2562 1364 2626 Aquitaniae
1382 2564 1612 2611 exteriora
1636 2581 1687 2612 se

252 2644 467 2691 contulit.
508 2646 616 2700 Quo
657 2642 799 2688 etiam
834 2650 880 2686 et
924 2643 1081 2705 Lupus
1120 2640 1358 2688 Acinarius
1389 2644 1562 2700 Vasco,
1601 2644 1686 2707 qui

299 2763 316 2779 ⁹
346 2757 536 2803 Aquitania:
558 2769 619 2797 co,
644 2769 706 2802 pc,
733 2768 763 2787 ιιι
778 2781 786 2794 ,
809 2766 851 2787 oc
872 2767 910 2785 τι
932 2754 1067 2798 conject.
