1962 3262
294 216 347 252 50
805 211 1026 253 menam
1058 210 1155 253 Lm.
1188 213 1219 252 1.

289 294 491 341 transire
508 293 743 358 cogitur⁶.
774 292 1144 342 Existimabam'
1172 294 1300 342 enim
1326 293 1403 341 hi’
1431 295 1512 359 qui
1531 295 1629 361 regi
1662 311 1732 345 aa·

291 370 539 418 sistebant¹
556 406 570 430 ‚
590 386 704 419 eum
721 371 770 419 in
786 369 903 418 dolo
919 372 1117 420 venisse.
1142 375 1177 419 Α
1195 388 1293 437 quo
1316 372 1459 420 etiam
1478 381 1695 440 tempore
1707 374 1726 399 ⁴

293 448 467 496 Karolo
492 448 687 497 infestus
711 448 961 497 ferebatur.

362 591 463 628 xxl.
478 587 713 627 Uenu-torum
725 595 743 614 ⁶
763 592 973 639 dolonn-egi
986 595 1005 615 ⁶
1022 593 1158 629 nmio
1172 593 1350 640 per-uado
1365 593 1410 628 de
1425 593 1658 642 lhganonb⁶

907 653 1115 700 abjectione.

354 758 475 805 Hinc
500 759 658 823 itaque
682 758 923 817 HeinricO,
960 758 1072 806 inde
1110 757 1336 808 Rotberto
1367 758 1490 808 duce
1524 759 1729 808 Karolus

290 835 568 901 urgebatur3
596 836 839 901 factusque
862 852 1033 884 eorum
1060 836 1262 897 medius,
1284 838 1526 904 utrimque
1547 854 1731 904 preme-

289 914 444 963 batur.
484 917 595 961 Post
633 913 732 961 baec
763 913 825 961 ad
859 914 1085 962 interiora
1134 914 1327 980 Belgicae
1365 915 1576 977 rediens,
1611 916 1731 965 urbe

290 993 570 1041 Suessonica
594 1009 696 1040 sese
721 992 903 1058 recipit,
933 991 1132 1040 multam
1156 1009 1214 1040 ex
1237 992 1514 1056 hujusmodi
1536 993 1732 1041 infortu-

290 1072 372 1118 nio
395 1070 524 1136 apud
549 1087 662 1118 suos
685 1070 867 1135 agitans
890 1069 1160 1135 quaerelam.
1186 1074 1291 1118 Huc
1313 1071 1456 1119 etiam
1473 1087 1531 1119 ex
1549 1070 1733 1137 Belgica

290 1166 388 1215 quo
407 1149 592 1197 Celticae
610 1148 900 1207 conlimitat,
921 1158 1065 1213 atque
1082 1164 1140 1196 ex
1158 1147 1334 1196 Celtica
1358 1148 1599 1236 principes
1613 1160 1733 1198 non-

290 1226 406 1275 nulli
430 1227 697 1275 confluunt.
727 1226 820 1274 Sed
845 1236 893 1274 et
917 1225 1170 1274 Rotbertus
1194 1226 1292 1274 dux
1308 1225 1628 1293 propinquior
1643 1224 1734 1275 ho·

290 1295 382 1365 tus,
403 1305 609 1371 stampis
626 1321 728 1352 sese
746 1305 929 1371 recipit,
948 1320 1004 1352 ac
1021 1303 1083 1352 ad
1101 1303 1331 1371 palatium
1354 1303 1535 1370 legatos
1548 1302 1727 1371 dirigit,

290 1383 462 1448 regalia
497 1383 687 1448 negotia
724 1382 838 1431 inde
879 1392 1175 1448 experturus.
1218 1386 1277 1430 At
1303 1383 1387 1448 qui
1425 1382 1727 1443 confluxere,

293 1461 503 1509 Rotberti
520 1471 680 1527 partes
705 1460 977 1520 tuebantur,
1005 1460 1141 1525 cujus
1157 1477 1299 1508 suasu
1322 1460 1473 1526 capti,
1501 1459 1564 1508 de
1586 1462 1734 1526 Hagn-

289 1540 431 1588 nonis
463 1539 729 1603 abjectione
768 1538 897 1605 apud
927 1555 1086 1603 regem
1112 1547 1425 1604 perunctam,
1458 1553 1560 1585 non
1595 1546 1651 1586 ut
1679 1537 1730 1586 id

290 1618 392 1665 fieri
415 1616 585 1677 velint,
615 1615 699 1664 sed
725 1626 778 1664 ut
796 1615 1027 1681 regnandi
1050 1615 1239 1663 occasio
1264 1614 1492 1664 Rotberto
1516 1624 1725 1681 paretur.

293 1694 615 1759 Abjectionem
640 1694 799 1758 itaque
823 1694 1096 1758 Haganonis
1113 1693 1278 1742 leviter
1306 1693 1534 1754 suadent,
1556 1691 1732 1742 ducem

289 1774 432 1821 etiam
457 1789 485 1821 a
509 1789 559 1820 se
577 1771 895 1820 discessurum
913 1772 1068 1820 sinon
1096 1771 1300 1837 abjiciat,
1329 1770 1560 1820 mediocri
1588 1787 1734 1820 asser-

291 1851 422 1898 tione
469 1849 823 1909 demonstr-anu
868 1850 1092 1915 quatinus
1137 1850 1228 1898 levi
1271 1849 1603 1915 objurgatione
1649 1864 1732 1898 rex

290 1929 583 1977 ammonitus
597 1963 610 1987 ‚
641 1928 808 1994 coeptis
839 1928 1054 1976 insistere
1089 1945 1189 1976 non
1228 1928 1480 1988 formidet3
1516 1925 1647 1976 unde
1683 1937 1733 1975 et

290 2017 401 2072 post
422 2016 590 2054 contra
614 2022 726 2054 eum
750 2005 1059 2070 justissimam
1098 2006 1437 2071 indignationis
1460 2021 1651 2054 cauum
1681 2022 1733 2054 se

292 2084 538 2133 habituros
567 2083 934 2132 arbitrabantur.
974 2084 1118 2142 Quod
1152 2086 1295 2133 etiam
1331 2094 1485 2133 totum
1522 2082 1585 2131 ad
1619 2093 1731 2132 vota

291 2179 460 2211 eorum
491 2162 740 2228 provenit3
783 2178 895 2210 nam
939 2178 1018 2210 rex
1055 2161 1185 2210 nulla
1203 2163 1219 2187 ⁵
1263 2163 1484 2211 suasione
1513 2161 1730 2223 affectus,

294 2256 559 2306 numquam
582 2256 610 2287 a
634 2239 808 2287 dilecto
826 2256 928 2288 sese
951 2239 1271 2289 discessurum
1290 2239 1558 2308 respondit3
1587 2239 1735 2305 idque

340 2388 361 2409 ‘
387 2387 494 2430 Deae,
511 2387 604 2434 regi,
622 2385 667 2422 de
684 2387 884 2433 naganoni·
901 2388 1039 2422 ώσω.

344 2443 355 2463 “
383 2456 415 2478 c.
433 2443 513 2487 Qun
536 2442 594 2478 die
608 2442 697 2477 nihi!
720 2443 938 2486 concordia,
965 2444 1054 2479 nihil
1070 2443 1308 2479 amiciciarum
1329 2443 1421 2478 inter
1435 2454 1495 2478 eo·
1509 2442 1671 2479 habitu-
1685 2452 1736 2479 en

295 2500 415 2534 deleta.

343 2557 358 2576 ¹
384 2556 466 2590 Exin
481 2555 652 2590 abscisum.

345 2613 359 2632 ⁸
385 2613 441 2656 hi,
458 2612 543 2647 bant
564 2612 704 2646 abscisa.

346 2669 361 2687 ⁴
387 2678 412 2702 t.
431 2668 607 2704 heinrimu
622 2668 775 2704 deletum.

346 2725 360 2743 ⁸
387 2724 557 2759 {evin-ima
572 2737 656 2759 corr.
675 2725 783 2759 nulla.
