1962 3262
352 293 430 332 162
843 290 1059 331 lucum!
1094 290 1194 331 ΜΒ.
1228 290 1284 330 ll.

350 372 473 421 sedis
497 372 674 420 litteras
687 372 905 430 afferens,
922 372 1186 436 jussionem
1204 371 1512 438 apostolicam
1534 373 1782 423 contium-

350 461 436 508 tes‚
466 460 517 498 ut
551 450 790 516 principes
813 450 1190 515 provinciarum‘
1233 466 1390 516 regem
1415 465 1557 498 suum
1582 449 1785 500 Ludovi·

348 544 459 576 cum
487 527 696 593 recipere
729 544 828 575 non
854 526 1114 587 differrent,
1153 544 1241 575 nec
1271 527 1427 591 gladio
1466 527 1587 576 ultra
1620 525 1780 576 hostili

347 622 457 653 eum
498 605 862 663 insectarentur3
907 615 954 652 et
996 604 1045 652 ni
1092 615 1292 663 cessem,
1338 603 1650 653 anathematis
1685 602 1780 653 telo

348 699 516 731 omnes
539 699 640 730 esse
666 681 896 747 figendos.
926 685 1035 741 Quo
1062 682 1271 749 episcopi
1297 683 1488 748 cognito
1524 683 1779 731 Remorum

347 761 610 820 dioceseos,
646 761 693 807 in
714 776 864 807 unum
890 776 1001 806 mox
1019 761 1188 819 coacti,
1211 759 1272 808 de
1290 760 1589 809 anathemate
1606 761 1655 808 in
1680 776 1782 809 sese

348 838 571 887 habendo
621 838 711 886 nisi
762 838 1036 903 resipiscant
1083 837 1388 886 vehementer
1410 838 1429 863 ²
1474 846 1775 904 pertractant.

348 916 629 964 Mittendum
656 916 783 963 enim
823 914 884 962 ad
922 913 1222 963 Heribertum
1254 915 1532 981 disponunt,
1560 926 1607 963 et
1633 915 1694 963 ab
1720 933 1780 964 eo

347 994 618 1060 suppliciter
647 991 924 1059 petendum,
956 992 1179 1056 quatinus
1203 991 1303 1057 ipse
1327 991 1501 1041 ducem
1527 992 1688 1053 adeat,
1716 1003 1780 1042 at·

348 1087 441 1136 que
462 1070 590 1137 apud
615 1086 726 1118 eum
760 1085 858 1136 pro·
875 1069 996 1134 regis
1026 1068 1299 1135 receptione
1322 1079 1446 1135 agat,
1476 1068 1780 1120 ostendentes

347 1146 658 1195 anathematis
680 1145 961 1213 periculum,
991 1156 1039 1194 et
1061 1155 1237 1211 quanta
1256 1146 1311 1194 iis
1330 1145 1560 1195 debeatur
1582 1145 1720 1197 ruina
1737 1148 1775 1210 ⁸,

348 1226 428 1290 qui
448 1224 756 1272 dominorum
776 1234 1129 1290 contemptores
1146 1240 1202 1272 ac
1219 1234 1546 1290 persecutores
1562 1242 1777 1277 essenon

348 1301 621 1350 formidant.
666 1304 781 1360 Quae
817 1301 973 1349 suasio
1006 1300 1191 1348 nullum
1230 1301 1450 1350 effectum
1490 1301 1656 1352 habuit
1673 1303 1709 1352 ⁴.
1743 1308 1780 1354 A

348 1379 573 1446 praedicto
604 1379 746 1426 etiam
781 1394 904 1444 papa
930 1394 1043 1425 mox
1066 1377 1157 1426 alia
1179 1377 1351 1444 legatio
1377 1378 1556 1428 directa
1579 1390 1668 1442 est,
1693 1398 1782 1449 per

352 1457 592 1505 Remensis
607 1455 823 1504 aeoclesiae
846 1454 1041 1519 legatos,
1062 1455 1145 1520 qui
1172 1472 1202 1503 a
1225 1472 1350 1523 papa
1370 1455 1546 1506 eodem
1566 1457 1783 1508 sacerdo-

352 1535 443 1583 tale
472 1534 668 1600 pallium
694 1533 883 1598 Hugoni
919 1531 1288 1598 metropolitano
1313 1531 1541 1595 detulere,
1569 1534 1782 1585 dicentes

352 1612 619 1678 apostoliae
632 1611 857 1676 jussionis
880 1610 1005 1658 banc
1020 1626 1122 1658 esse
1135 1610 1434 1671 sententiam,
1452 1621 1506 1659 ut
1521 1611 1780 1662 Galliarum

352 1690 611 1756 principem
650 1703 807 1752 regem
843 1703 983 1734 suum
1014 1688 1234 1753 persequi
1266 1699 1498 1754 pareant„
1516 1699 1564 1737 et
1589 1690 1783 1758 insuper

355 1766 487 1814 illum
510 1764 758 1830 magnifice
781 1762 1011 1812 attollant.
1035 1763 1179 1823 Quod
1203 1765 1293 1812 nisi
1317 1765 1439 1814 intra
1458 1768 1781 1835 praescripmm

357 1844 484 1892 diem
500 1842 721 1902 efficiant,
739 1840 954 1889 horribili
970 1841 1268 1889 anathemate
1292 1841 1433 1907 hujus
1447 1843 1662 1893 factionis
1677 1861 1784 1894 auc-

359 1932 484 1970 tores
530 1937 586 1967 ac
617 1928 950 1985 cooperatores
991 1918 1088 1966 sive
1128 1917 1333 1967 fautores
1373 1921 1644 1984 gravissime
1681 1938 1784 1972 esne

361 1995 648 2045 multandos.
676 1996 725 2043 si
748 2011 863 2043 vero
887 1995 1155 2060 apostoliae
1173 1995 1374 2060 jussioni
1397 2008 1635 2063 gratanter
1656 1998 1785 2048 obm-

359 2075 517 2133 diant,
550 2073 728 2138 legatos
759 2074 959 2120 Romam
986 2073 1205 2138 dirigant,
1238 2075 1321 2139 qui
1350 2092 1486 2124 suam
1510 2075 1785 2126 benivolen-

362 2153 475 2198 tiam
505 2167 614 2215 erga
638 2165 796 2214 regem
826 2165 965 2197 suum
993 2167 1126 2216 papae
1153 2152 1370 2200 reserant.
1400 2156 1457 2201 Et
1486 2170 1575 2202 nee
1597 2155 1665 2203 sic
1684 2155 1787 2220 qui-

362 2229 473 2276 dem
492 2228 688 2276 tirannis
706 2227 960 2292 quicquam
989 2244 1266 2292 persuasum
1298 2241 1383 2278 est.
1415 2234 1453 2278 Α
1476 2230 1650 2295 quibus
1674 2249 1784 2282 cum

363 2307 459 2371 regi
492 2307 777 2353 incessanter
811 2315 1097 2369 quaereretur
1125 2307 1278 2365 ruina,
1318 2308 1365 2355 in
1394 2310 1684 2358 eontrarium
1711 2327 1787 2358 res

362 2400 531 2431 eorum
548 2392 646 2430 tota
661 2382 841 2447 relapsa
865 2392 949 2429 est.

413 2498 638 2560 ⁸⁰regnorum
663 2514 695 2546 ¹.

408 2572 423 2590 ²
449 2569 578 2604 utiliter
595 2570 628 2602 ί.

410 2626 424 2646 ⁸
449 2625 581 2671 q.tnbe
604 2622 847 2659 afficit-turi.

412 2683 424 2701 ⁴
450 2692 577 2715 meum
595 2692 632 2714 n.
653 2679 827 2714 ebat-eret
848 2680 879 2712 Ι.
