<?xml version="1.0" encoding="UTF-8"?>
<!DOCTYPE html PUBLIC "-//W3C//DTD XHTML 1.0 Transitional//EN"
    "http://www.w3.org/TR/xhtml1/DTD/xhtml1-transitional.dtd">
<html xmlns="http://www.w3.org/1999/xhtml" xml:lang="en" lang="en">
 <head>
  <title>
</title>
<meta http-equiv="Content-Type" content="text/html;charset=utf-8" />
  <meta name='ocr-system' content='tesseract 3.04.00' />
  <meta name='ocr-capabilities' content='ocr_page ocr_carea ocr_par ocr_line ocrx_word'/>
</head>
<body>
  <div class='ocr_page' id='page_1' title='image "./richerhistoirede00richuoft_0208.png"; bbox 0 0 1962 3262; ppageno 0'>
   <div class='ocr_carea' id='block_1_1' title="bbox 244 202 1173 245">
    <p class='ocr_par' dir='ltr' id='par_1_1' title="bbox 244 202 1173 245">
     <span class='ocr_line' id='line_1_1' title="bbox 244 202 1173 245; baseline -0.003 0"><span class='ocrx_word' id='word_1_1' title='bbox 244 209 295 245; x_wconf 83' lang='grc'>88</span> <span class='ocrx_word' id='word_1_2' title='bbox 756 202 975 244; x_wconf 77' lang='lat' dir='ltr'>tucnmu</span> <span class='ocrx_word' id='word_1_3' title='bbox 1006 203 1104 243; x_wconf 77' lang='lat' dir='ltr'>Lm.</span> <span class='ocrx_word' id='word_1_4' title='bbox 1141 204 1173 242; x_wconf 90' lang='grc'>1.</span> 
     </span>
    </p>
   </div>
   <div class='ocr_carea' id='block_1_2' title="bbox 244 286 1695 2149">
    <p class='ocr_par' dir='ltr' id='par_1_2' title="bbox 244 286 1695 2149">
     <span class='ocr_line' id='line_1_2' title="bbox 244 286 1683 350; baseline -0.002 -15"><span class='ocrx_word' id='word_1_5' title='bbox 244 287 406 336; x_wconf 86' lang='grc'><strong>11811115</strong></span> <span class='ocrx_word' id='word_1_6' title='bbox 418 304 531 334; x_wconf 82' lang='lat' dir='ltr'>mox</span> <span class='ocrx_word' id='word_1_7' title='bbox 545 286 800 334; x_wconf 79' lang='lat' dir='ltr'>exhaustus</span> <span class='ocrx_word' id='word_1_8' title='bbox 816 286 1046 350; x_wconf 86' lang='lat' dir='ltr'>sanguine</span> <span class='ocrx_word' id='word_1_9' title='bbox 1062 296 1110 333; x_wconf 90' lang='lat' dir='ltr'>et</span> <span class='ocrx_word' id='word_1_10' title='bbox 1121 286 1444 344; x_wconf 88' lang='lat' dir='ltr'>intercertans,</span> <span class='ocrx_word' id='word_1_11' title='bbox 1467 294 1683 333; x_wconf 78' lang='lat' dir='ltr'>mortuus</span> 
     </span>
     <span class='ocr_line' id='line_1_3' title="bbox 244 362 1684 430; baseline -0.003 -17"><span class='ocrx_word' id='word_1_12' title='bbox 244 365 429 414; x_wconf 86' lang='lat' dir='ltr'>cecidit.</span> <span class='ocrx_word' id='word_1_13' title='bbox 460 368 750 430; x_wconf 77' lang='lat' dir='ltr'>lnteoempto</span> <span class='ocrx_word' id='word_1_14' title='bbox 776 379 892 411; x_wconf 87' lang='lat' dir='ltr'>vero</span> <span class='ocrx_word' id='word_1_15' title='bbox 919 362 1162 422; x_wconf 80' lang='lat' dir='ltr'>Rotberto,</span> <span class='ocrx_word' id='word_1_16' title='bbox 1192 373 1320 411; x_wconf 83' lang='grc'><strong>181118</strong></span> <span class='ocrx_word' id='word_1_17' title='bbox 1339 364 1384 410; x_wconf 87' lang='lat' dir='ltr'>vi</span> <span class='ocrx_word' id='word_1_18' title='bbox 1401 362 1541 411; x_wconf 71' lang='lat' dir='ltr'>credis</span> <span class='ocrx_word' id='word_1_19' title='bbox 1560 371 1684 410; x_wconf 56' lang='lat' dir='ltr'>uter*</span> 
     </span>
     <span class='ocr_line' id='line_1_4' title="bbox 244 438 1679 508; baseline -0.002 -17"><span class='ocrx_word' id='word_1_20' title='bbox 244 460 340 508; x_wconf 84' lang='lat' dir='ltr'>que</span> <span class='ocrx_word' id='word_1_21' title='bbox 357 442 556 491; x_wconf 78' lang='lat' dir='ltr'>deseviit</span> <span class='ocrx_word' id='word_1_22' title='bbox 571 441 821 500; x_wconf 87' lang='lat' dir='ltr'>exercitus,</span> <span class='ocrx_word' id='word_1_23' title='bbox 842 450 895 488; x_wconf 88' lang='lat' dir='ltr'>ut</span> <span class='ocrx_word' id='word_1_24' title='bbox 912 441 960 488; x_wconf 94' lang='lat' dir='ltr'>in</span> <span class='ocrx_word' id='word_1_25' title='bbox 980 451 1114 507; x_wconf 85' lang='lat' dir='ltr'>parte</span> <span class='ocrx_word' id='word_1_26' title='bbox 1133 441 1257 506; x_wconf 73' lang='lat' dir='ltr'>ejus·</span> <span class='ocrx_word' id='word_1_27' title='bbox 1285 441 1509 490; x_wconf 87' lang='lat' dir='ltr'>undecim</span> <span class='ocrx_word' id='word_1_28' title='bbox 1527 438 1655 488; x_wconf 86' lang='lat' dir='ltr'>milia</span> <span class='ocrx_word' id='word_1_29' title='bbox 1667 475 1679 498; x_wconf 94' lang='lat'>,</span> 
     </span>
     <span class='ocr_line' id='line_1_5' title="bbox 247 517 1685 586; baseline 0 -19"><span class='ocrx_word' id='word_1_30' title='bbox 247 522 293 568; x_wconf 91' lang='lat' dir='ltr'>in</span> <span class='ocrx_word' id='word_1_31' title='bbox 319 530 454 586; x_wconf 79' lang='lat' dir='ltr'>parte</span> <span class='ocrx_word' id='word_1_32' title='bbox 469 536 584 568; x_wconf 77' lang='lat' dir='ltr'>vero</span> <span class='ocrx_word' id='word_1_33' title='bbox 602 518 760 566; x_wconf 77' lang='lat' dir='ltr'>Raroli</span> <span class='ocrx_word' id='word_1_34' title='bbox 779 528 960 585; x_wconf 80' lang='lat' dir='ltr'>septem</span> <span class='ocrx_word' id='word_1_35' title='bbox 992 519 1119 567; x_wconf 88' lang='lat' dir='ltr'>milia</span> <span class='ocrx_word' id='word_1_36' title='bbox 1137 529 1330 567; x_wconf 90' lang='lat' dir='ltr'>centum</span> <span class='ocrx_word' id='word_1_37' title='bbox 1357 517 1685 583; x_wconf 81' lang='lat' dir='ltr'>duodeviginti</span> 
     </span>
     <span class='ocr_line' id='line_1_6' title="bbox 245 596 1680 664; baseline -0.001 -18"><span class='ocrx_word' id='word_1_38' title='bbox 245 616 272 646; x_wconf 90' lang='lat' dir='ltr'>a</span> <span class='ocrx_word' id='word_1_39' title='bbox 299 598 569 647; x_wconf 83' lang='lat' dir='ltr'>Flodoardo</span> <span class='ocrx_word' id='word_1_40' title='bbox 594 597 857 664; x_wconf 87' lang='lat' dir='ltr'>presbitero</span> <span class='ocrx_word' id='word_1_41' title='bbox 886 596 1012 645; x_wconf 80' lang='lat' dir='ltr'>ferro</span> <span class='ocrx_word' id='word_1_42' title='bbox 1035 598 1266 647; x_wconf 81' lang='lat' dir='ltr'>interiisse</span> <span class='ocrx_word' id='word_1_43' title='bbox 1290 598 1582 664; x_wconf 88' lang='lat' dir='ltr'>descriptum</span> <span class='ocrx_word' id='word_1_44' title='bbox 1605 597 1680 646; x_wconf 80' lang='lat' dir='ltr'>sit.</span> 
     </span>
     <span class='ocr_line' id='line_1_7' title="bbox 247 674 1684 743; baseline 0.001 -19"><span class='ocrx_word' id='word_1_45' title='bbox 247 680 304 725; x_wconf 86' lang='lat' dir='ltr'>Et</span> <span class='ocrx_word' id='word_1_46' title='bbox 322 677 422 742; x_wconf 86' lang='lat' dir='ltr'>jam</span> <span class='ocrx_word' id='word_1_47' title='bbox 451 676 647 743; x_wconf 90' lang='lat' dir='ltr'>quidem</span> <span class='ocrx_word' id='word_1_48' title='bbox 674 674 833 726; x_wconf 86' lang='lat' dir='ltr'>Karoli</span> <span class='ocrx_word' id='word_1_49' title='bbox 851 675 1046 723; x_wconf 86' lang='lat' dir='ltr'>victoria</span> <span class='ocrx_word' id='word_1_50' title='bbox 1072 675 1338 736; x_wconf 88' lang='lat' dir='ltr'>videbatur,</span> <span class='ocrx_word' id='word_1_51' title='bbox 1372 693 1431 724; x_wconf 92' lang='lat' dir='ltr'>eo</span> <span class='ocrx_word' id='word_1_52' title='bbox 1464 675 1597 742; x_wconf 88' lang='lat' dir='ltr'>quod</span> <span class='ocrx_word' id='word_1_53' title='bbox 1628 678 1684 726; x_wconf 82' lang='lat' dir='ltr'>ti-</span> 
     </span>
     <span class='ocr_line' id='line_1_8' title="bbox 247 751 1682 819; baseline 0 -15"><span class='ocrx_word' id='word_1_54' title='bbox 247 771 399 804; x_wconf 89' lang='lat' dir='ltr'>ranno</span> <span class='ocrx_word' id='word_1_55' title='bbox 421 754 598 812; x_wconf 87' lang='lat' dir='ltr'>occiso,</span> <span class='ocrx_word' id='word_1_56' title='bbox 632 753 716 819; x_wconf 89' lang='lat' dir='ltr'>qui</span> <span class='ocrx_word' id='word_1_57' title='bbox 746 751 870 800; x_wconf 86' lang='lat' dir='ltr'>illius</span> <span class='ocrx_word' id='word_1_58' title='bbox 895 752 1079 801; x_wconf 79' lang='lat' dir='ltr'>fuerant</span> <span class='ocrx_word' id='word_1_59' title='bbox 1112 754 1160 802; x_wconf 91' lang='lat' dir='ltr'>in</span> <span class='ocrx_word' id='word_1_60' title='bbox 1195 754 1354 819; x_wconf 83' lang='lat' dir='ltr'>fugam</span> <span class='ocrx_word' id='word_1_61' title='bbox 1386 754 1682 817; x_wconf 72' lang='lat' dir='ltr'>serebamus-3</span> 
     </span>
     <span class='ocr_line' id='line_1_9' title="bbox 246 829 1685 899; baseline 0.001 -18"><span class='ocrx_word' id='word_1_62' title='bbox 246 851 357 890; x_wconf 85' lang='lat' dir='ltr'>cum</span> <span class='ocrx_word' id='word_1_63' title='bbox 371 850 481 881; x_wconf 90' lang='lat' dir='ltr'>ecce</span> <span class='ocrx_word' id='word_1_64' title='bbox 498 835 654 897; x_wconf 83' lang='lat' dir='ltr'>Hugo,</span> <span class='ocrx_word' id='word_1_65' title='bbox 676 830 889 879; x_wconf 81' lang='lat' dir='ltr'>Rotberti</span> <span class='ocrx_word' id='word_1_66' title='bbox 902 829 1042 890; x_wconf 83' lang='lat' dir='ltr'>filius,</span> <span class='ocrx_word' id='word_1_67' title='bbox 1065 832 1143 879; x_wconf 84' lang='lat' dir='ltr'>vix</span> <span class='ocrx_word' id='word_1_68' title='bbox 1161 831 1321 880; x_wconf 87' lang='lat' dir='ltr'>adhuc</span> <span class='ocrx_word' id='word_1_69' title='bbox 1332 832 1615 899; x_wconf 82' lang='lat' dir='ltr'>pubescens,</span> <span class='ocrx_word' id='word_1_70' title='bbox 1637 835 1685 883; x_wconf 89' lang='grc'>111</span> 
     </span>
     <span class='ocr_line' id='line_1_10' title="bbox 248 908 1687 977; baseline 0.001 -18"><span class='ocrx_word' id='word_1_71' title='bbox 248 911 461 977; x_wconf 86' lang='lat' dir='ltr'>praelium</span> <span class='ocrx_word' id='word_1_72' title='bbox 479 910 541 958; x_wconf 90' lang='lat' dir='ltr'>ab</span> <span class='ocrx_word' id='word_1_73' title='bbox 568 908 815 958; x_wconf 84' lang='lat' dir='ltr'>Heriberto</span> <span class='ocrx_word' id='word_1_74' title='bbox 837 908 1106 970; x_wconf 84' lang='lat' dir='ltr'>deducitur,</span> <span class='ocrx_word' id='word_1_75' title='bbox 1134 911 1460 977; x_wconf 76' lang='lat' dir='ltr'>succurritque</span> <span class='ocrx_word' id='word_1_76' title='bbox 1487 911 1687 961; x_wconf 87' lang='lat' dir='ltr'>labenti-</span> 
     </span>
     <span class='ocr_line' id='line_1_11' title="bbox 249 987 1687 1056; baseline 0.003 -20"><span class='ocrx_word' id='word_1_77' title='bbox 249 990 352 1036; x_wconf 84' lang='lat' dir='ltr'>bus.</span> <span class='ocrx_word' id='word_1_78' title='bbox 404 992 459 1035; x_wconf 89' lang='lat' dir='ltr'>Et</span> <span class='ocrx_word' id='word_1_79' title='bbox 486 988 594 1035; x_wconf 89' lang='lat' dir='ltr'>licet</span> <span class='ocrx_word' id='word_1_80' title='bbox 616 1004 728 1035; x_wconf 90' lang='lat' dir='ltr'>cum</span> <span class='ocrx_word' id='word_1_81' title='bbox 754 987 905 1053; x_wconf 89' lang='lat' dir='ltr'>copiis</span> <span class='ocrx_word' id='word_1_82' title='bbox 929 987 1197 1048; x_wconf 83' lang='lat' dir='ltr'>advenerit,</span> <span class='ocrx_word' id='word_1_83' title='bbox 1229 999 1387 1038; x_wconf 80' lang='lat' dir='ltr'>tamen</span> <span class='ocrx_word' id='word_1_84' title='bbox 1417 1000 1582 1056; x_wconf 84' lang='lat' dir='ltr'>utpote</span> <span class='ocrx_word' id='word_1_85' title='bbox 1604 993 1687 1056; x_wconf 90' lang='lat' dir='ltr'>qui</span> 
     </span>
     <span class='ocr_line' id='line_1_12' title="bbox 250 1066 1688 1134; baseline 0.001 -18"><span class='ocrx_word' id='word_1_86' title='bbox 250 1078 382 1134; x_wconf 85' lang='lat' dir='ltr'>patre</span> <span class='ocrx_word' id='word_1_87' title='bbox 394 1069 411 1092; x_wconf 84' lang='lat'>²</span> <span class='ocrx_word' id='word_1_88' title='bbox 431 1068 605 1115; x_wconf 85' lang='lat' dir='ltr'>amisso</span> <span class='ocrx_word' id='word_1_89' title='bbox 621 1083 791 1114; x_wconf 89' lang='grc'><strong>01111185</strong></span> <span class='ocrx_word' id='word_1_90' title='bbox 812 1076 1056 1131; x_wconf 88' lang='lat' dir='ltr'>suspectos</span> <span class='ocrx_word' id='word_1_91' title='bbox 1072 1066 1296 1126; x_wconf 88' lang='lat' dir='ltr'>habebat,</span> <span class='ocrx_word' id='word_1_92' title='bbox 1318 1068 1549 1134; x_wconf 88' lang='lat' dir='ltr'>nulloque</span> <span class='ocrx_word' id='word_1_93' title='bbox 1565 1069 1688 1117; x_wconf 92' lang='lat' dir='ltr'>duce</span> 
     </span>
     <span class='ocr_line' id='line_1_13' title="bbox 250 1145 1687 1210; baseline -0.001 -14"><span class='ocrx_word' id='word_1_94' title='bbox 250 1148 394 1196; x_wconf 87' lang='lat' dir='ltr'>fretus</span> <span class='ocrx_word' id='word_1_95' title='bbox 411 1158 534 1206; x_wconf 90' lang='lat' dir='ltr'>erat,</span> <span class='ocrx_word' id='word_1_96' title='bbox 560 1163 588 1194; x_wconf 91' lang='lat' dir='ltr'>a</span> <span class='ocrx_word' id='word_1_97' title='bbox 612 1145 723 1193; x_wconf 85' lang='lat' dir='ltr'>belli</span> <span class='ocrx_word' id='word_1_98' title='bbox 749 1145 972 1192; x_wconf 85' lang='lat' dir='ltr'>violentia</span> <span class='ocrx_word' id='word_1_99' title='bbox 996 1146 1190 1210; x_wconf 88' lang='lat' dir='ltr'>quievit.</span> <span class='ocrx_word' id='word_1_100' title='bbox 1228 1146 1348 1194; x_wconf 90' lang='lat' dir='ltr'>lllud</span> <span class='ocrx_word' id='word_1_101' title='bbox 1374 1156 1559 1194; x_wconf 89' lang='lat' dir='ltr'>tantum</span> <span class='ocrx_word' id='word_1_102' title='bbox 1588 1163 1687 1195; x_wconf 86' lang='lat' dir='ltr'>me·</span> 
     </span>
     <span class='ocr_line' id='line_1_14' title="bbox 252 1222 1690 1289; baseline 0.001 -17"><span class='ocrx_word' id='word_1_103' title='bbox 252 1225 482 1273; x_wconf 72' lang='lat' dir='ltr'>mor-abile</span> <span class='ocrx_word' id='word_1_104' title='bbox 507 1224 647 1289; x_wconf 81' lang='lat' dir='ltr'>fuisse</span> <span class='ocrx_word' id='word_1_105' title='bbox 667 1222 919 1282; x_wconf 84' lang='lat' dir='ltr'>refertur’,</span> <span class='ocrx_word' id='word_1_106' title='bbox 948 1222 1081 1288; x_wconf 92' lang='lat' dir='ltr'>quod</span> <span class='ocrx_word' id='word_1_107' title='bbox 1106 1223 1240 1271; x_wconf 91' lang='lat' dir='ltr'>nullo</span> <span class='ocrx_word' id='word_1_108' title='bbox 1266 1225 1511 1273; x_wconf 86' lang='lat' dir='ltr'>resistente</span> <span class='ocrx_word' id='word_1_109' title='bbox 1528 1225 1690 1273; x_wconf 92' lang='lat' dir='ltr'>locum</span> 
     </span>
     <span class='ocr_line' id='line_1_15' title="bbox 253 1301 1689 1369; baseline 0.001 -18"><span class='ocrx_word' id='word_1_110' title='bbox 253 1303 362 1351; x_wconf 90' lang='lat' dir='ltr'>belli</span> <span class='ocrx_word' id='word_1_111' title='bbox 386 1304 661 1369; x_wconf 87' lang='lat' dir='ltr'>occupavit,</span> <span class='ocrx_word' id='word_1_112' title='bbox 688 1312 732 1350; x_wconf 89' lang='lat' dir='ltr'>et</span> <span class='ocrx_word' id='word_1_113' title='bbox 758 1301 1100 1367; x_wconf 83' lang='lat' dir='ltr'>aliquantisper</span> <span class='ocrx_word' id='word_1_114' title='bbox 1132 1303 1180 1350; x_wconf 90' lang='lat' dir='ltr'>in</span> <span class='ocrx_word' id='word_1_115' title='bbox 1208 1319 1268 1350; x_wconf 93' lang='lat' dir='ltr'>eo</span> <span class='ocrx_word' id='word_1_116' title='bbox 1292 1303 1442 1362; x_wconf 86' lang='lat' dir='ltr'>stetit,</span> <span class='ocrx_word' id='word_1_117' title='bbox 1469 1304 1565 1351; x_wconf 87' lang='lat' dir='ltr'>acsi</span> <span class='ocrx_word' id='word_1_118' title='bbox 1588 1320 1689 1352; x_wconf 87' lang='lat' dir='ltr'>ma·</span> 
     </span>
     <span class='ocr_line' id='line_1_16' title="bbox 253 1379 1689 1446; baseline 0.001 -17"><span class='ocrx_word' id='word_1_119' title='bbox 253 1382 422 1430; x_wconf 88' lang='lat' dir='ltr'>nubias</span> <span class='ocrx_word' id='word_1_120' title='bbox 451 1382 664 1429; x_wconf 86' lang='lat' dir='ltr'>hostium</span> <span class='ocrx_word' id='word_1_121' title='bbox 697 1379 986 1446; x_wconf 80' lang='lat' dir='ltr'>direpturus,</span> <span class='ocrx_word' id='word_1_122' title='bbox 1019 1380 1157 1428; x_wconf 92' lang='lat' dir='ltr'>Unde</span> <span class='ocrx_word' id='word_1_123' title='bbox 1181 1390 1229 1428; x_wconf 91' lang='lat' dir='ltr'>et</span> <span class='ocrx_word' id='word_1_124' title='bbox 1262 1380 1351 1429; x_wconf 91' lang='lat' dir='ltr'>sibi</span> <span class='ocrx_word' id='word_1_125' title='bbox 1376 1382 1528 1429; x_wconf 86' lang='lat' dir='ltr'>victor</span> <span class='ocrx_word' id='word_1_126' title='bbox 1559 1381 1689 1430; x_wconf 85' lang='lat' dir='ltr'>vide·</span> 
     </span>
     <span class='ocr_line' id='line_1_17' title="bbox 253 1458 1691 1526; baseline 0 -18"><span class='ocrx_word' id='word_1_127' title='bbox 253 1460 440 1508; x_wconf 83' lang='lat' dir='ltr'>batur⁴.</span> <span class='ocrx_word' id='word_1_128' title='bbox 479 1459 682 1507; x_wconf 84' lang='lat' dir='ltr'>Karolus</span> <span class='ocrx_word' id='word_1_129' title='bbox 705 1475 820 1506; x_wconf 87' lang='lat' dir='ltr'>vero</span> <span class='ocrx_word' id='word_1_130' title='bbox 855 1458 921 1505; x_wconf 91' lang='lat' dir='ltr'>ob</span> <span class='ocrx_word' id='word_1_131' title='bbox 944 1474 1111 1507; x_wconf 89' lang='lat' dir='ltr'>necem</span> <span class='ocrx_word' id='word_1_132' title='bbox 1136 1459 1309 1506; x_wconf 86' lang='lat' dir='ltr'>tiranni</span> <span class='ocrx_word' id='word_1_133' title='bbox 1327 1459 1522 1507; x_wconf 86' lang='lat' dir='ltr'>victoria</span> <span class='ocrx_word' id='word_1_134' title='bbox 1546 1459 1691 1526; x_wconf 87' lang='lat' dir='ltr'>potiri</span> 
     </span>
     <span class='ocr_line' id='line_1_18' title="bbox 253 1537 1689 1603; baseline 0.001 -18"><span class='ocrx_word' id='word_1_135' title='bbox 253 1555 355 1586; x_wconf 87' lang='lat' dir='ltr'>sese</span> <span class='ocrx_word' id='word_1_136' title='bbox 378 1537 591 1603; x_wconf 83' lang='lat' dir='ltr'>putabat.</span> <span class='ocrx_word' id='word_1_137' title='bbox 620 1539 925 1603; x_wconf 80' lang='lat' dir='ltr'>Quapropter</span> <span class='ocrx_word' id='word_1_138' title='bbox 948 1546 995 1583; x_wconf 90' lang='lat' dir='ltr'>et</span> <span class='ocrx_word' id='word_1_139' title='bbox 1022 1551 1197 1602; x_wconf 89' lang='lat' dir='ltr'>anceps</span> <span class='ocrx_word' id='word_1_140' title='bbox 1224 1537 1420 1585; x_wconf 88' lang='lat' dir='ltr'>victoria</span> <span class='ocrx_word' id='word_1_141' title='bbox 1442 1537 1550 1597; x_wconf 83' lang='lat' dir='ltr'>suit,</span> <span class='ocrx_word' id='word_1_142' title='bbox 1578 1554 1689 1586; x_wconf 91' lang='lat' dir='ltr'>cum</span> 
     </span>
     <span class='ocr_line' id='line_1_19' title="bbox 254 1613 1692 1678; baseline 0.001 -16"><span class='ocrx_word' id='word_1_143' title='bbox 254 1616 422 1664; x_wconf 80' lang='lat' dir='ltr'>Celtae⁸</span> <span class='ocrx_word' id='word_1_144' title='bbox 445 1616 711 1663; x_wconf 85' lang='lat' dir='ltr'>desertores</span> <span class='ocrx_word' id='word_1_145' title='bbox 735 1630 895 1678; x_wconf 87' lang='lat' dir='ltr'>regem</span> <span class='ocrx_word' id='word_1_146' title='bbox 919 1613 1179 1661; x_wconf 85' lang='lat' dir='ltr'>extinctum</span> <span class='ocrx_word' id='word_1_147' title='bbox 1201 1614 1467 1675; x_wconf 87' lang='lat' dir='ltr'>amiserint,</span> <span class='ocrx_word' id='word_1_148' title='bbox 1491 1615 1692 1664; x_wconf 85' lang='lat' dir='ltr'>Karolus</span> 
     </span>
     <span class='ocr_line' id='line_1_20' title="bbox 256 1691 1692 1761; baseline 0.003 -23"><span class='ocrx_word' id='word_1_149' title='bbox 256 1710 369 1741; x_wconf 89' lang='lat' dir='ltr'>vero</span> <span class='ocrx_word' id='word_1_150' title='bbox 389 1693 506 1740; x_wconf 85' lang='lat' dir='ltr'>nihil</span> <span class='ocrx_word' id='word_1_151' title='bbox 525 1692 790 1759; x_wconf 87' lang='lat' dir='ltr'>spoliorum</span> <span class='ocrx_word' id='word_1_152' title='bbox 809 1691 1026 1755; x_wconf 85' lang='lat' dir='ltr'>attigerit.</span> <span class='ocrx_word' id='word_1_153' title='bbox 1048 1694 1277 1740; x_wconf 89' lang='lat' dir='ltr'>Neutrum</span> <span class='ocrx_word' id='word_1_154' title='bbox 1292 1693 1308 1716; x_wconf 81' lang='lat'><strong>⁶</strong></span> <span class='ocrx_word' id='word_1_155' title='bbox 1331 1693 1521 1741; x_wconf 91' lang='lat' dir='ltr'>illorum</span> <span class='ocrx_word' id='word_1_156' title='bbox 1541 1693 1692 1761; x_wconf 88' lang='lat' dir='ltr'>spolia</span> 
     </span>
     <span class='ocr_line' id='line_1_21' title="bbox 255 1769 1694 1838; baseline 0.001 -19"><span class='ocrx_word' id='word_1_157' title='bbox 255 1771 532 1838; x_wconf 85' lang='lat' dir='ltr'>diripuisse⁸</span> <span class='ocrx_word' id='word_1_158' title='bbox 562 1770 806 1835; x_wconf 78' lang='lat' dir='ltr'>contigit⁸.</span> <span class='ocrx_word' id='word_1_159' title='bbox 843 1769 989 1833; x_wconf 88' lang='lat' dir='ltr'>Cujus</span> <span class='ocrx_word' id='word_1_160' title='bbox 1015 1770 1080 1819; x_wconf 88' lang='lat' dir='ltr'>rei</span> <span class='ocrx_word' id='word_1_161' title='bbox 1113 1771 1440 1837; x_wconf 77' lang='lat' dir='ltr'>oportunitas⁶</span> <span class='ocrx_word' id='word_1_162' title='bbox 1469 1789 1580 1820; x_wconf 91' lang='lat' dir='ltr'>cum</span> <span class='ocrx_word' id='word_1_163' title='bbox 1607 1774 1694 1821; x_wconf 82' lang='lat' dir='ltr'>Ka-</span> 
     </span>
     <span class='ocr_line' id='line_1_22' title="bbox 257 1847 1687 1917; baseline 0.001 -20"><span class='ocrx_word' id='word_1_164' title='bbox 257 1850 389 1897; x_wconf 83' lang='lat' dir='ltr'>rolo⁶</span> <span class='ocrx_word' id='word_1_165' title='bbox 418 1866 518 1898; x_wconf 91' lang='lat' dir='ltr'>non</span> <span class='ocrx_word' id='word_1_166' title='bbox 543 1849 788 1907; x_wconf 84' lang='lat' dir='ltr'>defuisset,</span> <span class='ocrx_word' id='word_1_167' title='bbox 828 1847 957 1896; x_wconf 88' lang='lat' dir='ltr'>nulla</span> <span class='ocrx_word' id='word_1_168' title='bbox 982 1848 1170 1896; x_wconf 83' lang='lat' dir='ltr'>tamen⁸</span> <span class='ocrx_word' id='word_1_169' title='bbox 1201 1848 1373 1897; x_wconf 91' lang='lat' dir='ltr'>ductus</span> <span class='ocrx_word' id='word_1_170' title='bbox 1398 1850 1687 1917; x_wconf 81' lang='lat' dir='ltr'>cupiditate‘</span> 
     </span>
     <span class='ocr_line' id='line_1_23' title="bbox 257 1926 1694 1995; baseline 0.002 -21"><span class='ocrx_word' id='word_1_171' title='bbox 257 1943 358 1974; x_wconf 91' lang='lat' dir='ltr'>rem</span> <span class='ocrx_word' id='word_1_172' title='bbox 386 1926 601 1993; x_wconf 77' lang='lat' dir='ltr'>penitus&#39;</span> <span class='ocrx_word' id='word_1_173' title='bbox 642 1926 819 1974; x_wconf 85' lang='lat' dir='ltr'>vitavit.</span> <span class='ocrx_word' id='word_1_174' title='bbox 855 1929 972 1973; x_wconf 88' lang='lat' dir='ltr'>Nam</span> <span class='ocrx_word' id='word_1_175' title='bbox 1004 1926 1284 1992; x_wconf 72' lang='lat' dir='ltr'>transfugis·</span> <span class='ocrx_word' id='word_1_176' title='bbox 1320 1929 1579 1995; x_wconf 91' lang='lat' dir='ltr'>plurimum</span> <span class='ocrx_word' id='word_1_177' title='bbox 1606 1928 1694 1977; x_wconf 80' lang='lat' dir='ltr'>dif-</span> 
     </span>
     <span class='ocr_line' id='line_1_24' title="bbox 258 2004 1695 2072; baseline 0.002 -21"><span class='ocrx_word' id='word_1_178' title='bbox 258 2004 438 2065; x_wconf 75' lang='lat' dir='ltr'>fidens,</span> <span class='ocrx_word' id='word_1_179' title='bbox 481 2015 646 2071; x_wconf 85' lang='lat' dir='ltr'>utpote</span> <span class='ocrx_word' id='word_1_180' title='bbox 687 2004 768 2070; x_wconf 87' lang='lat' dir='ltr'>qui</span> <span class='ocrx_word' id='word_1_181' title='bbox 806 2004 1063 2061; x_wconf 85' lang='lat' dir='ltr'>maximam</span> <span class='ocrx_word' id='word_1_182' title='bbox 1095 2008 1325 2055; x_wconf 85' lang='lat' dir='ltr'>exercitus</span> <span class='ocrx_word' id='word_1_183' title='bbox 1362 2017 1544 2072; x_wconf 90' lang='lat' dir='ltr'>partem</span> <span class='ocrx_word' id='word_1_184' title='bbox 1582 2008 1695 2056; x_wconf 90' lang='lat' dir='ltr'>ami-</span> 
     </span>
     <span class='ocr_line' id='line_1_25' title="bbox 258 2082 1690 2149; baseline 0.002 -18"><span class='ocrx_word' id='word_1_185' title='bbox 258 2095 405 2142; x_wconf 83' lang='lat' dir='ltr'>serat,</span> <span class='ocrx_word' id='word_1_186' title='bbox 456 2101 567 2131; x_wconf 80' lang='lat' dir='ltr'>mox</span> <span class='ocrx_word' id='word_1_187' title='bbox 604 2084 690 2131; x_wconf 89' lang='lat' dir='ltr'>iter</span> <span class='ocrx_word' id='word_1_188' title='bbox 723 2084 825 2130; x_wconf 89' lang='lat' dir='ltr'>sine</span> <span class='ocrx_word' id='word_1_189' title='bbox 864 2082 1025 2147; x_wconf 91' lang='lat' dir='ltr'>spoliis</span> <span class='ocrx_word' id='word_1_190' title='bbox 1066 2085 1113 2136; x_wconf 88' lang='lat' dir='ltr'>in</span> <span class='ocrx_word' id='word_1_191' title='bbox 1157 2084 1388 2149; x_wconf 84' lang='lat' dir='ltr'>Belgicam</span> <span class='ocrx_word' id='word_1_192' title='bbox 1413 2086 1429 2110; x_wconf 85' lang='lat'>⁸</span> <span class='ocrx_word' id='word_1_193' title='bbox 1479 2085 1690 2142; x_wconf 88' lang='lat' dir='ltr'>retorsit,</span> 
     </span>
    </p>
   </div>
   <div class='ocr_carea' id='block_1_3' title="bbox 304 2234 524 2279">
    <p class='ocr_par' dir='ltr' id='par_1_3' title="bbox 304 2234 524 2279">
     <span class='ocr_line' id='line_1_26' title="bbox 304 2234 524 2279; baseline 0 -11"><span class='ocrx_word' id='word_1_194' title='bbox 304 2234 327 2276; x_wconf 65' lang='lat'>·,</span> <span class='ocrx_word' id='word_1_195' title='bbox 343 2235 490 2279; x_wconf 58' lang='lat' dir='ltr'>„otberti</span> <span class='ocrx_word' id='word_1_196' title='bbox 512 2237 524 2268; x_wconf 95' lang='grc'>1</span> 
     </span>
    </p>
   </div>
   <div class='ocr_carea' id='block_1_4' title="bbox 305 2290 1698 2396">
    <p class='ocr_par' dir='ltr' id='par_1_4' title="bbox 305 2290 1698 2396">
     <span class='ocr_line' id='line_1_27' title="bbox 305 2290 479 2325; baseline -0.006 0"><span class='ocrx_word' id='word_1_197' title='bbox 305 2290 323 2312; x_wconf 78' lang='lat'>⁸</span> <span class='ocrx_word' id='word_1_198' title='bbox 407 2303 428 2325; x_wconf 85' lang='lat' dir='ltr'>e</span> <span class='ocrx_word' id='word_1_199' title='bbox 444 2293 479 2325; x_wconf 78' lang='lat'>¹.</span> 
     </span>
     <span class='ocr_line' id='line_1_28' title="bbox 306 2302 1698 2396; baseline -0.001 -13"><span class='ocrx_word' id='word_1_200' title='bbox 306 2347 322 2367; x_wconf 81' lang='lat'>⁸</span> <span class='ocrx_word' id='word_1_201' title='bbox 347 2302 546 2383; x_wconf 44' lang='lat' dir='ltr'>mutuantur</span> <span class='ocrx_word' id='word_1_202' title='bbox 579 2345 661 2380; x_wconf 89' lang='lat' dir='ltr'>cod.</span> <span class='ocrx_word' id='word_1_203' title='bbox 696 2347 896 2391; x_wconf 70' lang='lat' dir='ltr'>negligentia</span> <span class='ocrx_word' id='word_1_204' title='bbox 922 2348 1088 2395; x_wconf 63' lang='lat' dir='ltr'>scriptoris</span> <span class='ocrx_word' id='word_1_205' title='bbox 1118 2351 1173 2396; x_wconf 75' lang='lat' dir='ltr'>qui</span> <span class='ocrx_word' id='word_1_206' title='bbox 1200 2348 1358 2395; x_wconf 76' lang='lat' dir='ltr'>plumlem</span> <span class='ocrx_word' id='word_1_207' title='bbox 1391 2362 1552 2382; x_wconf 79' lang='lat' dir='ltr'>numerum</span> <span class='ocrx_word' id='word_1_208' title='bbox 1576 2351 1609 2383; x_wconf 78' lang='lat' dir='ltr'>in</span> <span class='ocrx_word' id='word_1_209' title='bbox 1637 2349 1698 2383; x_wconf 75' lang='lat' dir='ltr'>hac</span> 
     </span>
    </p>
   </div>
   <div class='ocr_carea' id='block_1_5' title="bbox 262 2402 1121 2439">
    <p class='ocr_par' dir='ltr' id='par_1_5' title="bbox 262 2402 1121 2439">
     <span class='ocr_line' id='line_1_29' title="bbox 262 2402 1121 2439; baseline 0 -1"><span class='ocrx_word' id='word_1_210' title='bbox 262 2412 388 2438; x_wconf 75' lang='lat' dir='ltr'>laneum</span> <span class='ocrx_word' id='word_1_211' title='bbox 398 2416 481 2438; x_wconf 75' lang='lat' dir='ltr'>voce</span> <span class='ocrx_word' id='word_1_212' title='bbox 495 2412 528 2437; x_wconf 79' lang='lat' dir='ltr'>et</span> <span class='ocrx_word' id='word_1_213' title='bbox 543 2405 577 2437; x_wconf 73' lang='lat' dir='ltr'>in</span> <span class='ocrx_word' id='word_1_214' title='bbox 594 2402 709 2437; x_wconf 70' lang='lat' dir='ltr'>ultima</span> <span class='ocrx_word' id='word_1_215' title='bbox 719 2405 881 2436; x_wconf 74' lang='lat' dir='ltr'>sementia</span> <span class='ocrx_word' id='word_1_216' title='bbox 892 2416 957 2438; x_wconf 75' lang='lat' dir='ltr'>non</span> <span class='ocrx_word' id='word_1_217' title='bbox 968 2406 1121 2439; x_wconf 66' lang='lat' dir='ltr'>comm.</span> 
     </span>
    </p>
   </div>
   <div class='ocr_carea' id='block_1_6' title="bbox 307 2458 1308 2729">
    <p class='ocr_par' dir='ltr' id='par_1_6' title="bbox 310 2458 810 2494">
     <span class='ocr_line' id='line_1_30' title="bbox 310 2458 810 2494; baseline -0.004 -1"><span class='ocrx_word' id='word_1_218' title='bbox 310 2460 323 2480; x_wconf 79' lang='lat'><strong>⁴</strong></span> <span class='ocrx_word' id='word_1_219' title='bbox 351 2460 498 2494; x_wconf 73' lang='lat' dir='ltr'>victores</span> <span class='ocrx_word' id='word_1_220' title='bbox 513 2458 721 2493; x_wconf 80' lang='lat' dir='ltr'>videbantur</span> <span class='ocrx_word' id='word_1_221' title='bbox 736 2458 810 2492; x_wconf 85' lang='lat' dir='ltr'>cod.</span> 
     </span>
    </p>

    <p class='ocr_par' dir='ltr' id='par_1_7' title="bbox 308 2516 480 2562">
     <span class='ocr_line' id='line_1_31' title="bbox 308 2516 480 2562; baseline -0.012 -11"><span class='ocrx_word' id='word_1_222' title='bbox 308 2518 323 2536; x_wconf 78' lang='lat'>⁸</span> <span class='ocrx_word' id='word_1_223' title='bbox 347 2516 427 2562; x_wconf 81' lang='lat' dir='ltr'>galli</span> <span class='ocrx_word' id='word_1_224' title='bbox 449 2518 480 2550; x_wconf 85' lang='grc'>1.</span> 
     </span>
    </p>

    <p class='ocr_par' dir='ltr' id='par_1_8' title="bbox 307 2571 1308 2675">
     <span class='ocr_line' id='line_1_32' title="bbox 307 2571 1308 2620; baseline 0 -14"><span class='ocrx_word' id='word_1_225' title='bbox 307 2574 323 2591; x_wconf 85' lang='lat'>⁸</span> <span class='ocrx_word' id='word_1_226' title='bbox 349 2585 382 2606; x_wconf 90' lang='lat' dir='ltr'>m</span> <span class='ocrx_word' id='word_1_227' title='bbox 395 2599 404 2614; x_wconf 89' lang='lat'>,</span> <span class='ocrx_word' id='word_1_228' title='bbox 423 2572 496 2614; x_wconf 69' lang='lat' dir='ltr'>uis,</span> <span class='ocrx_word' id='word_1_229' title='bbox 511 2571 555 2614; x_wconf 86' lang='lat' dir='ltr'>it,</span> <span class='ocrx_word' id='word_1_230' title='bbox 573 2585 610 2612; x_wconf 88' lang='grc' dir='ltr'>ο,</span> <span class='ocrx_word' id='word_1_231' title='bbox 628 2572 746 2613; x_wconf 73' lang='lat' dir='ltr'>arola,</span> <span class='ocrx_word' id='word_1_232' title='bbox 767 2581 828 2605; x_wconf 54' lang='lat' dir='ltr'>,zu-t</span> <span class='ocrx_word' id='word_1_233' title='bbox 842 2599 850 2613; x_wconf 86' lang='lat'>,</span> <span class='ocrx_word' id='word_1_234' title='bbox 871 2586 948 2606; x_wconf 71' lang='lat' dir='ltr'>nien</span> <span class='ocrx_word' id='word_1_235' title='bbox 963 2601 971 2614; x_wconf 92' lang='lat'>,</span> <span class='ocrx_word' id='word_1_236' title='bbox 992 2572 1039 2607; x_wconf 85' lang='lat' dir='ltr'>idi</span> <span class='ocrx_word' id='word_1_237' title='bbox 1057 2587 1095 2606; x_wconf 79' lang='lat' dir='ltr'>es</span> <span class='ocrx_word' id='word_1_238' title='bbox 1111 2577 1308 2620; x_wconf 74' lang='lat' dir='ltr'>conjectum.</span> 
     </span>
     <span class='ocr_line' id='line_1_33' title="bbox 309 2627 570 2675; baseline -0.004 -14"><span class='ocrx_word' id='word_1_239' title='bbox 309 2629 322 2650; x_wconf 84' lang='lat'>⁷</span> <span class='ocrx_word' id='word_1_240' title='bbox 349 2629 450 2675; x_wconf 82' lang='lat' dir='ltr'>pnitu</span> <span class='ocrx_word' id='word_1_241' title='bbox 469 2641 477 2664; x_wconf 90' lang='lat'>:</span> <span class='ocrx_word' id='word_1_242' title='bbox 495 2627 570 2662; x_wconf 72' lang='lat' dir='ltr'>md.</span> 
     </span>
    </p>

    <p class='ocr_par' dir='ltr' id='par_1_9' title="bbox 312 2684 497 2729">
     <span class='ocr_line' id='line_1_34' title="bbox 312 2684 497 2729; baseline -0.005 -11"><span class='ocrx_word' id='word_1_243' title='bbox 312 2687 325 2704; x_wconf 84' lang='lat'>⁸</span> <span class='ocrx_word' id='word_1_244' title='bbox 350 2684 446 2729; x_wconf 68' lang='lat' dir='ltr'>gallis</span> <span class='ocrx_word' id='word_1_245' title='bbox 468 2686 497 2718; x_wconf 93' lang='grc'>1.</span> 
     </span>
    </p>
   </div>
   <div class='ocr_carea' id='block_1_7' title="bbox 312 2741 615 2785">
    <p class='ocr_par' dir='ltr' id='par_1_10' title="bbox 312 2741 615 2785">
     <span class='ocr_line' id='line_1_35' title="bbox 312 2741 615 2785; baseline 0.003 -13"><span class='ocrx_word' id='word_1_246' title='bbox 312 2742 327 2760; x_wconf 76' lang='grc'><strong><em>’</em></strong></span> <span class='ocrx_word' id='word_1_247' title='bbox 352 2741 563 2785; x_wconf 60' lang='lat' dir='ltr'>germaniam</span> <span class='ocrx_word' id='word_1_248' title='bbox 588 2743 596 2774; x_wconf 96' lang='grc'>1</span> <span class='ocrx_word' id='word_1_249' title='bbox 611 2768 615 2773; x_wconf 87' lang='grc'><strong>,</strong></span> 
     </span>
    </p>
   </div>
  </div>
 </body>
</html>
