1962 3262
337 215 389 255 54
845 209 1065 251 menen!
1101 209 1201 250 Lm.
1238 210 1268 249 t.

338 296 565 358 niumque
584 290 798 358 procedit
824 292 870 338 in
905 291 1107 339 hostem.
1139 293 1460 356 Ereptumque
1486 305 1683 354 regnum
1707 290 1770 337 ir-

337 388 588 437 rumpeuS,
649 368 810 418 sedem
870 369 1045 433 regiam
1090 369 1357 416 Atiniacum
1401 366 1585 432 pridem
1636 382 1771 415 sunm

335 448 610 516 ingreditur.
649 447 812 512 ibique
842 446 1179 512 aliquantisper
1212 455 1429 511 reparato
1461 445 1692 507 exercitu,
1723 446 1771 493 in

334 527 656 576 adversarium
676 525 822 572 fertur
836 526 844 548 ⁸
860 562 869 571 .

1002 615 1111 650 XLV.

400 715 565 758 Factus
582 727 695 758 vero
722 710 910 757 tiranno
935 710 1149 774 propior,
1179 710 1435 759 exercitum
1465 710 1525 757 ad
1550 726 1772 774 congres-

333 806 438 837 sum
457 789 663 846 ordinat,
685 805 765 835 sex
786 786 912 834 milia
940 786 1247 834 robustorum
1266 788 1568 853 praemittens
1589 786 1775 846 Quibus

333 869 474 916 etiam
494 868 648 914 virum
681 863 1032 923 consularem²,
1055 865 1251 912 nomine
1276 864 1566 924 Fulbertum,
1601 864 1773 914 ducem

333 946 591 994 constituit.
619 946 679 991 Se
698 944 852 1009 ipsum
874 959 988 989 vero
1014 942 1249 1006 quatuor-⁸
1280 941 1470 989 milibus
1485 942 1774 1008 circumsep-

336 1035 454 1081 tum,
476 1021 743 1070 labentibus
754 1020 920 1086 primis
934 1018 1278 1066 subventurum
1289 1018 1501 1085 deputat.
1518 1022 1774 1086 Postquam

333 1112 492 1150 autem
513 1118 598 1167 per
610 1098 819 1164 singulas
834 1098 1043 1162 legiones
1057 1096 1346 1155 discurrens,
1360 1097 1624 1163 praecipuos
1637 1113 1777 1163 quos-

334 1198 428 1246 que
450 1181 465 1204 ⁴
500 1178 703 1226 multum
737 1177 916 1241 diuque
949 1175 1009 1222 ad
1047 1176 1143 1221 vim
1169 1174 1279 1222 belli
1319 1174 1534 1222 hortatus
1565 1184 1660 1234 est,
1701 1175 1776 1223 in-

335 1268 538 1306 structos
554 1255 748 1303 ordines
762 1254 977 1320 plurimis
991 1252 1291 1300 suasionibus
1304 1253 1522 1311 incitanS,
1541 1252 1603 1300 ad
1616 1252 1776 1301 locum

339 1337 419 1384 ubi
444 1333 851 1399 congrediendum
888 1341 1010 1389 erat,
1043 1330 1251 1378 deducit.
1290 1335 1501 1378 Axonam
1538 1347 1653 1379 vero
1690 1332 1779 1380 ssu-

339 1415 466 1461 vium
494 1423 815 1469 transmeans,
845 1409 906 1456 ad
945 1408 1113 1456 urbem
1141 1410 1471 1457 Suessonicam
1503 1408 1672 1466 tendit.
1710 1409 1778 1457 lbi

338 1493 511 1539 etenim
541 1491 755 1538 tirannus
779 1489 941 1554 copias
965 1487 1240 1551 collegerat3
1273 1487 1408 1551 cujus
1429 1504 1624 1552 quoque
1646 1503 1779 1535 exer-

339 1571 458 1617 citus
485 1570 532 1616 in
560 1568 723 1632 viginti
750 1565 942 1613 milibus
973 1565 1274 1612 consistebat.
1305 1568 1425 1613 Cum
1450 1554 1564 1630 ergo
1581 1565 1781 1614 Karolus

341 1666 419 1696 rex
447 1646 574 1694 beno
602 1644 853 1711 prudentia
879 1642 1168 1701 intenderet,
1197 1643 1420 1690 instinctu
1445 1644 1782 1709 episcoporum

341 1726 640 1788 aliorumque
678 1722 1005 1787 religiosorum
1040 1721 1250 1768 virorum
1276 1722 1357 1785 qui
1392 1721 1479 1768 sibi
1505 1721 1782 1770 assistebant

344 1813 501 1850 actum
515 1811 602 1860 est,
619 1810 671 1847 ut
688 1801 788 1865 ipse
801 1816 880 1846 rex
898 1798 1074 1845 bellum
1092 1815 1191 1846 non
1209 1798 1550 1863 ingrederetur,
1565 1816 1627 1848 ne
1642 1799 1779 1860 forte,

347 1883 394 1928 in
425 1897 582 1928 rerum
614 1878 918 1934 confusione,
951 1876 1117 1940 regalis
1141 1877 1308 1942 stirps,
1340 1895 1398 1924 eo
1426 1877 1582 1944 lapso,
1609 1894 1782 1926 oonsu-

349 1968 571 2006 meretur.
596 1956 645 2002 ld
668 1956 809 2002 etiam
829 1954 975 2001 duces
992 1964 1037 2001 et
1053 1954 1222 2001 miiites
1237 1966 1509 2019 coegerunt.
1541 1954 1610 2003 Ab
1627 1956 1783 2003 omni·

349 2038 439 2084 bus
470 2053 583 2099 ergo
605 2043 821 2090 coactus,
851 2033 1086 2096 quatuor⁵
1116 2032 1308 2079 milibus
1327 2069 1339 2090 ,
1371 2033 1545 2097 quibus
1568 2033 1669 2099 ipse
1697 2034 1785 2080 cir·

350 2123 623 2178 cumseptus
648 2109 919 2167 incedebat,
956 2109 1110 2156 virum
1142 2110 1469 2158 consularem⁶
1498 2111 1785 2175 Hagruldum

352 2191 561 2259 praeticit.
594 2192 817 2236 Hortatur
834 2203 947 2234 vero
973 2186 1231 2252 plurimum
1247 2224 1259 2245 ,
1287 2198 1338 2235 ut
1354 2189 1440 2236 Dei
1458 2198 1642 2237 tantum
1659 2191 1788 2238 auxi-

355 2271 471 2319 lium
490 2267 766 2333 imploren13
793 2265 908 2312 nihi!
929 2265 997 2312 eis
1018 2265 1346 2323 metuendum,
1370 2265 1486 2313 nibil
1512 2266 1573 2314 de
1594 2268 1788 2315 victoria

404 2402 414 2422 ⁸
443 2401 469 2435 s.
488 2401 647 2433 Axonam
670 2408 752 2429 vero
776 2394 920 2429 fluvium
949 2403 1162 2429 transmeans
1189 2395 1224 2429 in
1247 2395 1370 2430 urbem
1396 2397 1635 2432 Sues-onium
1662 2395 1788 2432 tendit.

356 2448 403 2483 ihi
419 2446 547 2482 etenim
564 2444 722 2480 tirannus
736 2442 925 2476 exereitum
943 2442 1126 2488 coilegernt
1138 2451 1254 2490 postea
1271 2442 1392 2477 deleta.

401 2496 416 2515 ²
443 2508 479 2529 u.
499 2506 532 2529 c.
549 2490 665 2526 codes.

403 2544 418 2563 ²
443 2541 584 2577 duobus
602 2540 635 2574 ί.

403 2592 417 2612 ⁴
442 2598 599 2636 quosque
614 2584 659 2620 de
676 2584 795 2619 militia
815 2593 847 2618 et
866 2585 963 2618 fama·
980 2585 1102 2630 gloria.
1122 2584 1349 2631 priorumque
1372 2587 1563 2621 nobilitate.
1587 2594 1621 2621 et
1637 2585 1789 2620 filiorum

357 2638 502 2673 militate
519 2634 665 2669 multum
691 2631 728 2666 d.
751 2632 786 2665 h.
805 2639 852 2665 est
876 2633 904 2665 Ι.

403 2688 418 2705 ⁸
443 2684 583 2718 duobus
603 2683 633 2715 t.

403 2734 418 2753 ⁸
444 2745 479 2765 ιι,
499 2744 530 2764 c.
551 2727 666 2762 codes.
