1962 3262
375 275 454 314 228
864 270 1083 312 ment-:m
1115 270 1212 314 Lm.
1248 271 1303 313 ΙΙ.

373 363 532 401 motus
548 353 597 400 in
615 353 735 400 iram
746 386 760 413 ,
785 352 1026 412 notberto,
1039 353 1122 417 qui
1133 351 1306 400 sinodo
1326 361 1540 418 praeerat,
1554 362 1802 403 conmme-

373 431 489 479 liose
514 430 716 489 remisit,
746 430 1079 497 episcoporum
1098 430 1279 494 judicio
1304 429 1422 478 nibil
1440 446 1542 479 sese
1565 430 1800 480 facturum

372 524 599 556 asserens.
612 510 670 555 Et
679 508 764 567 sic,
783 523 924 555 causa
938 508 1127 574 penitus
1140 507 1419 568 indiscussa,
1436 507 1635 558 sinodus
1645 507 1801 559 noluit

373 596 457 634 est.
482 586 709 635 Indicitur
727 602 839 634 vero
857 586 1001 634 tercia
1019 585 1217 635 sinodus
1231 586 1333 635 Kal.
1357 590 1470 652 Aug.
1499 585 1738 640 habunda.

995 883 1163 920 vam.

435 999 517 1046 His
539 999 605 1045 ita
634 998 775 1062 gestis
789 1032 802 1055 ‚
837 995 1060 1044 Artoldus
1083 994 1331 1062 epistolam
1359 995 1422 1044 ad
1449 995 1612 1046 sedem
1634 998 1804 1046 Roma·-

371 1091 483 1124 nam
513 1075 702 1140 dirigit,
741 1074 1127 1122 commodissime
1155 1073 1509 1133 continentem,
1534 1083 1584 1123 et
1604 1090 1799 1123 suarum

369 1154 647 1217 injuriarum
679 1152 875 1212 seriem,
906 1161 953 1199 et
976 1151 1098 1216 regis
1120 1150 1540 1199 incommodorum
1561 1160 1795 1200 nouom.

369 1234 586 1278 Domnus
612 1231 769 1295 itaque
795 1229 1014 1295 Agapitus
1037 1245 1186 1295 papa,
1213 1227 1276 1276 ad
1304 1227 1503 1278 multam
1524 1226 1801 1278 benivolen-

369 1307 483 1353 tiam
521 1307 734 1354 animum
773 1305 1049 1366 intendens,
1091 1321 1204 1353 mox
1243 1306 1440 1356 accersit
1478 1304 1798 1355 venerabilem

370 1384 637 1432 Ostiensem
669 1383 948 1450 episcopum
975 1383 1235 1443 Marinum,
1268 1399 1450 1448 magnae
1488 1383 1718 1450 aequitatis
1750 1392 1800 1432 et

369 1460 631 1527 prudentiae
657 1461 814 1508 virum
832 1496 845 1519 ,
871 1460 970 1507 vim
993 1459 1201 1526 epistolae
1217 1461 1262 1508 ei
1278 1460 1538 1527 explicans,
1570 1469 1620 1509 et
1641 1459 1704 1509 ad
1726 1477 1800 1510 re-

370 1556 476 1586 rum
495 1538 839 1587 correctionem
858 1537 990 1586 illum
1013 1537 1422 1586 vehementiskime
1451 1537 1666 1587 hortans.
1695 1539 1801 1587 Mit-

370 1617 483 1663 titur
505 1633 618 1681 ergo
642 1615 922 1663 venerabilis
936 1615 1170 1675 Marinus,
1206 1614 1373 1662 domni
1402 1631 1536 1681 papae
1562 1615 1764 1663 vicarius
1780 1652 1794 1675 ,

370 1693 431 1741 ad
461 1695 688 1747 Ottonern
715 1708 899 1757 regem,
925 1691 991 1740 ob
1018 1691 1312 1740 evocandam
1340 1703 1482 1758 atque
1512 1709 1799 1758 congregan-

371 1769 484 1818 dam
502 1770 813 1818 universalem
830 1769 1070 1818 sinodum.
1091 1769 1367 1834 Diriguntur
1392 1779 1439 1818 et
1467 1769 1677 1836 epistole
1698 1785 1801 1837 spe-

371 1847 548 1896 cialiter
573 1847 751 1912 aliquot
780 1846 1012 1912 episcopis
1041 1855 1138 1893 tam
1152 1847 1415 1894 Germaniae
1443 1862 1589 1912 quam
1604 1846 1794 1906 Galliae,

372 1925 433 1973 ad
463 1941 623 1973 rerum
653 1925 921 1989 aequitatem
951 1923 1187 1972 suasoriae.

563 2061 694 2096 mx.
712 2080 760 2088 —
774 2062 862 2096 Item
877 2059 1051 2097 sinodus·
1070 2060 1168 2109 apud
1183 2060 1417 2109 Angleheim⁶
1432 2061 1595 2098 habitum.

440 2162 620 2207 Interea
642 2167 817 2207 statuto
832 2168 1046 2224 tempore
1061 2194 1075 2218 ,
1096 2158 1295 2206 sinodus
1314 2158 1588 2207 universalis
1601 2157 1798 2208 collecta

374 2247 445 2285 est
458 2253 516 2284 ex
533 2246 768 2302 praecepto
785 2236 963 2301 Agapiti
980 2252 1114 2301 papae
1129 2271 1142 2295 ,
1164 2234 1253 2282 sub
1268 2236 1450 2283 Marino
1472 2235 1573 2300 ejus
1586 2235 1764 2285 vicario
1779 2273 1793 2298 ,

376 2316 423 2362 in
459 2313 634 2380 palatio
667 2313 939 2377 Angleheim
952 2348 965 2372 ,
1001 2312 1134 2378 quod
1166 2313 1498 2378 interpretatur
1520 2312 1798 2378 angelorum

377 2391 550 2438 domus
562 2426 575 2448 ,
597 2406 731 2438 secus
746 2390 942 2437 fluvium
959 2389 1175 2437 Rhenum
1189 2425 1202 2448 ‚
1237 2390 1286 2437 in
1302 2389 1492 2437 basilica
1505 2388 1630 2439 beati
1644 2392 1799 2440 Remi·

378 2469 440 2533 gii
468 2471 756 2516 Francorum
786 2468 1002 2534 apostoli.
1038 2470 1228 2515 Domno
1257 2468 1414 2532 itaque
1440 2468 1622 2515 Marino
1645 2469 1800 2535 praesi-

378 2545 548 2604 dente,
581 2536 789 2611 episcopi
805 2562 998 2610 quoque
1021 2545 1103 2610 qui
1127 2561 1184 2592 ex
1214 2544 1408 2592 diversis
1437 2546 1761 2613 confluxerant
1781 2583 1795 2607 ‚

376 2623 481 2686 jure
497 2622 821 2671 aecclesiastico
837 2622 1153 2669 consederunt
1168 2658 1180 2682 ,
1205 2621 1455 2671 Rotbertus
1470 2622 1685 2672 videlicet
1696 2627 1802 2673 Tre-

430 2768 448 2786 ·
474 2765 584 2807 udus,
602 2766 674 2811 gie,
694 2766 763 2800 bita
788 2765 924 2799 abscisa.
