1962 3262
347 277 423 315 156
833 278 1053 321 menam
1084 279 1183 320 Lm.
1216 279 1275 322 11.

342 356 498 415 sentit,
523 357 707 421 juratus
729 361 872 408 etiam
897 370 948 408 ut
977 360 1122 408 fertur
1145 361 1437 427 repudiavit·
1459 379 1472 420 ;
1500 371 1549 409 et
1571 360 1764 411 tandem

342 433 539 483 canibus
579 436 881 498 satisfaciens,
916 437 979 486 ad
1016 447 1229 487 sanctum
1263 438 1483 488 Basolum
1517 438 1582 487 ibi
1614 455 1766 487 mora-

345 519 478 559 turus
500 511 737 563 abscessit.

348 672 487 710 xxm.
509 693 558 703 ·—
578 677 682 725 Engo
705 690 746 714 ae
773 679 973 716 fles-ibertus
990 681 1027 716 in
1045 681 1135 729 regie
1157 680 1311 716 absentis
1328 680 1540 717 laudunum
1558 680 1766 728 inp-gam.

412 787 612 851 Hugone
641 804 756 852 ergo
785 789 1007 850 diacono,
1040 791 1214 839 tiranni
1246 790 1362 851 filio,
1402 791 1557 839 Remis
1584 789 1765 848 relicto,

342 863 629 929 jampridem
647 867 788 915 etiam
811 867 874 915 ad
891 868 1215 934 episcopatum
1233 868 1362 917 urbis
1384 869 1530 935 ipsius
1551 876 1767 926 evocato,

350 940 448 1005 ipse
482 941 754 991 Her-ibertus
794 954 935 1009 atque
968 948 1122 1011 Hugo,
1166 945 1451 994 Laudunum
1481 961 1592 994 cum
1622 945 1772 1012 copiis

348 1019 700 1083 aggrediuntur,
727 1021 1028 1071 obsidionem
1051 1023 1262 1089 undique
1284 1023 1579 1084 adhibentes,
1604 1022 1773 1071 urbem

350 1096 576 1145 militibus
611 1115 810 1147 vacuam
844 1100 950 1162 rati,
983 1117 1041 1148 eo
1070 1100 1203 1166 quod
1232 1118 1311 1149 rex
1344 1101 1393 1148 in
1430 1099 1642 1167 partibus
1666 1103 1775 1148 Bur-

350 1175 536 1239 gundiae
566 1177 876 1226 exterioribus
907 1178 997 1226 alia
1025 1189 1233 1239 curaret,
1260 1189 1307 1227 et
1330 1195 1425 1245 qua
1447 1187 1668 1245 poterant
1694 1195 1777 1244 op-

351 1263 632 1319 pugnantes,
668 1254 849 1319 ingredi
886 1255 1198 1304 conabantur.
1240 1258 1296 1303 At
1323 1255 1500 1303 montis
1522 1254 1777 1304 eminentia

352 1331 674 1397 superioribus
704 1333 924 1399 impares,
958 1349 1059 1381 non
1096 1333 1242 1382 semel
1269 1332 1438 1381 cedere
1465 1332 1618 1381 coacti
1645 1341 1771 1381 sunt.

354 1407 593 1456 Instabam
626 1419 802 1469 tamen,
835 1426 891 1457 ac
922 1410 1019 1475 regi
1054 1410 1316 1475 ingressum
1355 1410 1606 1476 praeripere
1638 1426 1780 1462 oona·

353 1485 540 1534 bantur.

591 1635 726 1671 XXIV.
738 1656 787 1664 —
803 1637 927 1684 Rege’
944 1636 1149 1673 adveniente
1159 1638 1179 1659 ⁸
1195 1635 1334 1672 obsidio
1353 1636 1543 1672 solvitur&

418 1738 616 1802 Jamque
633 1736 925 1786 ebdomadas
942 1748 1124 1805 septem
1136 1738 1544 1805 obpugnaverant,
1563 1754 1676 1786 cum
1698 1753 1780 1786 rex

357 1813 499 1877 hujus
523 1815 590 1862 rei
626 1817 801 1865 accitus
835 1818 1023 1876 nuntio,
1056 1818 1105 1865 in
1141 1817 1399 1883 Campania
1425 1816 1644 1865 Remensi
1667 1826 1784 1864 taem-

356 1891 563 1956 pestivus
593 1891 739 1940 affuit.
786 1896 843 1941 Et
873 1893 982 1943 licet
1016 1911 1128 1943 cum
1162 1895 1346 1961 paucis,
1392 1894 1590 1942 fluvium
1622 1902 1783 1942 tamen

357 1972 571 2018 Axonam
585 1981 814 2037 permeat,
841 1982 890 2020 et
904 1973 972 2020 sic
985 1973 1036 2021 in
1051 1972 1211 2021 hostes
1225 1972 1387 2020 fertur.
1409 1974 1519 2031 Quo
1536 1980 1784 2038 comperto

357 2047 530 2096 tiranni
546 2047 585 2107 ²,
611 2049 734 2113 regis
750 2066 944 2116 quoque
967 2051 1180 2097 animum
1204 2049 1439 2115 simulque
1454 2058 1502 2098 et
1518 2049 1786 2115 nequitatem

357 2124 723 2191 perpendentes,
765 2126 827 2175 ab
857 2126 1109 2175 obsidione
1133 2127 1400 2176 discedunt.
1428 2129 1526 2176 Rex
1564 2143 1680 2176 vero
1718 2127 1786 2175 in-

360 2217 562 2265 gressus,
608 2204 775 2263 victus,
820 2205 1083 2253 necessaria
1123 2206 1219 2254 suis
1259 2206 1469 2272 paravit,
1502 2221 1558 2254 ac
1586 2222 1786 2271 qumque

358 2280 615 2328 commoda
653 2281 905 2331 ordinavit.
958 2283 1128 2348 Sioque
1162 2283 1252 2331 alia
1293 2283 1635 2350 dispositurus,
1676 2286 1787 2332 Bur-

358 2356 586 2422 gundiam
614 2360 797 2425 repetit.
836 2362 889 2408 In
921 2360 1055 2425 cujus
1084 2360 1309 2421 discessu,
1335 2360 1482 2410 Wido
1505 2362 1786 2411 suessorum

359 2436 610 2503 episcopus
623 2453 653 2485 a
666 2436 985 2485 desertoribus
1001 2454 1181 2498 suasus,
1202 2455 1263 2487 eo
1280 2438 1413 2504 quod
1436 2449 1484 2487 et
1502 2440 1600 2505 ipse
1616 2454 1786 2487 eorum

360 2525 516 2579 partes
554 2513 752 2563 latenter
793 2525 1004 2563 tueretur
1019 2552 1031 2576 ‚
1078 2518 1249 2564 Remos
1283 2517 1479 2564 veniens
1494 2553 1507 2576 ,
1554 2515 1785 2566 {ledberti

412 2643 431 2663 ⁸
457 2641 488 2676 R
500 2667 511 2683 ‚
529 2642 586 2684 ni,
608 2654 624 2675 s
644 2641 782 2678 abaciam

414 2697 425 2716 ⁸
452 2696 626 2744 npudivit
640 2696 755 2731 codes.

408 2753 423 2773 ⁸
449 2753 648 2789 Her-ibertus
663 2762 697 2789 et
713 2754 816 2800 Rugo
836 2756 848 2789 1
861 2782 867 2788 .
