1962 3262
361 198 438 237 122
851 201 1069 243 mcnsstu
1103 203 1201 244 [ΑΒ.
1238 203 1292 243 ΙΙ.

360 299 382 320 «
406 277 557 325 multo
585 291 761 329 conatu
779 282 996 348 inprimis
1026 282 1074 330 id
1105 284 1194 331 erit
1216 283 1532 346 abolendum,
1564 296 1708 353 atque
1733 289 1795 338 ab

360 376 381 399 α
406 355 557 404 oculis
592 358 932 408 amovendum.
965 361 1323 409 Discordiarum
1357 363 1515 428 itaque
1549 363 1796 415 molimina

359 433 584 496 «absint,
617 446 665 485 et
702 439 950 486 communi
984 440 1204 488 omnium
1233 439 1506 488 conibentia
1542 440 1605 489 de
1636 441 1796 509 praet'e-

359 532 382 556 «
408 512 559 561 rendo
575 515 792 582 principe
801 516 1132 565 deliberemus.
1156 520 1292 565 Pater
1304 535 1456 578 meus,
1478 528 1634 566 vestra
1646 534 1798 584 quon-

359 610 382 635 c«
404 589 517 639 dam
541 594 759 641 omnium
778 594 1021 643 voluntate
1046 611 1128 644 rex
1151 606 1362 655 creatus,
1385 613 1484 645 non
1503 596 1606 644 sine
1620 612 1796 662 magno

358 690 382 713 «
406 672 617 735 regnavit
633 671 867 732 facinore,
887 689 999 721 cum
1022 673 1062 720 is
1078 673 1155 721 cui
1179 673 1268 721 soli
1287 674 1397 739 jura
1411 673 1641 739 regnandi
1654 673 1797 723 debe-

358 768 381 791 «
406 747 581 795 bantur
604 749 784 798 viveret
800 786 813 810 ,
840 760 888 798 et
914 751 1079 799 vivens
1105 767 1295 799 carcere
1312 751 1627 800 clauderetur.
1650 752 1795 811 Quod

360 847 383 870 «
405 827 585 875 credite
611 830 715 876 Deo
740 844 840 876 non
865 838 1114 896 acceptum
1139 828 1296 877 fixisse.
1327 829 1466 878 Unde
1490 839 1539 878 et
1564 829 1714 891 absit,
1743 840 1798 879 ut

355 926 378 949 α
402 922 492 971 ego
535 906 683 972 patris
721 905 830 954 loco
868 907 1099 954 restituar.
1154 909 1250 954 Nec
1285 922 1400 954 vero
1435 906 1576 955 alieni
1612 909 1797 973 generis

359 1004 382 1027 α
405 1000 715 1049 quemquam,
734 995 844 1051 post
866 984 987 1033 divae
1004 984 1275 1033 memoriae'
1300 983 1577 1045 flodulfum,
1593 984 1799 1035 aubin-or

358 1082 382 1105 α
404 1062 793 1128 promovendum
816 1099 830 1122 ,
876 1079 989 1111 cum
1019 1063 1121 1127 ejus
1151 1073 1368 1129 tempore
1401 1062 1557 1111 visum
1584 1064 1648 1112 sit
1679 1064 1796 1130 quid

359 1160 382 1183 α
405 1156 536 1187 nunc
567 1140 748 1188 innasci
773 1142 949 1207 possit,
977 1151 1282 1207 contemptus
1314 1140 1534 1189 videlicet
1558 1142 1704 1208 regis,
1742 1159 1799 1192 ac

359 1237 383 1261 «
405 1235 492 1283 per
522 1218 616 1266 hoc
646 1219 917 1285 principum
942 1218 1199 1267 dissensus.
1239 1221 1494 1286 Repetatur
1519 1235 1634 1285 ergo
1660 1220 1800 1270 inter—

359 1316 383 1339 «
407 1305 546 1362 rupta
574 1296 823 1363 paululum
855 1298 992 1362 regiae
1023 1297 1341 1362 generationis
1373 1296 1525 1358 linea,
1552 1313 1609 1346 ac
1637 1298 1798 1347 Karoli

360 1394 383 1418 «
407 1372 560 1421 filium
596 1374 892 1423 Ludovicum
917 1391 943 1422 a
969 1375 1296 1423 transmarinis
1327 1375 1543 1442 partibus
1572 1391 1801 1425 revocan-

361 1472 384 1495 «
409 1462 501 1512 tes,
530 1469 690 1518 regem
713 1452 851 1501 vobis
875 1452 1100 1502 decenter
1122 1463 1294 1502 create.
1323 1453 1496 1519 Sicque
1513 1452 1619 1516 fiet,
1647 1464 1724 1516 ut,
1751 1465 1801 1503 et

361 1551 383 1575 «
407 1531 603 1596 antiqua
637 1530 860 1580 nobilitas
889 1531 1027 1597 regiae
1060 1531 1218 1597 stirpis
1242 1540 1455 1579 servetur
1477 1541 1525 1579 et
1547 1531 1756 1581 fautores
1776 1532 1795 1558 ¹

362 1628 384 1653 α
407 1625 437 1657 a
465 1610 779 1675 querimoniis
813 1609 1074 1675 quiescant.
1115 1612 1221 1657 Jam
1255 1608 1389 1675 quod
1426 1609 1588 1676 potius
1623 1619 1696 1659 est
1729 1627 1800 1659 se·-

361 1707 384 1731 «
405 1697 629 1753 quentes!‚
672 1704 700 1735 a
735 1688 984 1736 maritimis
1018 1687 1151 1735 horis
1167 1686 1184 1711 ⁸
1225 1686 1578 1735 adolescentem
1606 1702 1801 1736 revoce-

362 1785 386 1810 «
410 1781 533 1812 mus.
559 1784 583 1809 »
610 1765 795 1824 Quibus
818 1765 956 1814 dictis
978 1765 1227 1813 Gallorum
1250 1765 1490 1832 principes
1520 1765 1643 1814 mira
1668 1764 1802 1815 beni-

361 1843 568 1891 volentia
585 1843 780 1892 cedunt.
796 1846 904 1892 Dux
916 1844 1077 1909 itaque
1094 1843 1274 1908 legatos
1292 1853 1506 1892 oratores
1524 1852 1654 1892 tram
1669 1859 1803 1892 mare

361 1921 423 1969 ad
450 1922 808 1970 accersiendum
828 1922 844 1947 ’
858 1923 881 1946 ⁴
901 1922 1197 1970 Ludovicum
1222 1921 1383 1986 dirigit
1397 1958 1410 1982 ,
1446 1922 1529 1987 qui
1553 1921 1597 1970 ei
1626 1938 1656 1969 a
1678 1921 1802 1969 duce

360 1999 622 2047 Galliarum
656 2000 856 2066 aliisque
891 2000 1186 2067 principibus
1220 1999 1427 2047 reditum
1455 1998 1712 2060 suadeant,
1746 2015 1803 2048 ac

360 2077 423 2124 de
458 2078 637 2125 itineris
665 2078 914 2126 securitate
950 2077 1096 2126 fidem
1132 2077 1415 2125 sacramenti
1447 2077 1557 2142 jure
1588 2076 1763 2126 faciant
1784 2114 1797 2137 ,

362 2156 634 2222 principum
669 2155 930 2205 adventum
967 2173 1118 2222 usque
1155 2156 1217 2204 ad
1253 2157 1379 2223 ipsas
1407 2155 1598 2204 litoreas
1634 2170 1803 2205 arenas

363 2236 661 2287 denuntient.
690 2240 784 2298 Qui
814 2255 927 2287 mox
951 2238 1149 2304 digressi
1172 2238 1413 2287 Morinum
1431 2237 1446 2261 ⁴
1484 2236 1796 2286 devenerunt.

363 2315 509 2380 Cujus
538 2316 586 2363 in
615 2327 758 2383 portu
790 2334 934 2366 naves
958 2318 1177 2382 ingressi,
1208 2317 1323 2365 velis
1350 2315 1644 2364 tumentibus
1665 2330 1801 2382 pros·

413 2452 423 2472 ¹
450 2451 488 2486 d.
517 2463 566 2486 m.
598 2450 723 2492 codes,
746 2452 838 2500 quod
862 2452 1046 2488 dominum
1075 2466 1192 2488 meum
1218 2452 1310 2487 haud
1337 2465 1404 2486 esse
1430 2450 1619 2498 legendum,
1642 2459 1742 2499 caput
1762 2452 1801 2485 3.

364 2516 536 2541 UOR-'sme-

413 2565 428 2584 ¹
454 2564 554 2599 multi
578 2566 609 2598 l.

457 2622 479 2654 i.
504 2633 533 2653 e.
554 2620 637 2655 oris.

413 2678 453 2697 ὅ·
480 2690 511 2709 r.
535 2689 576 2711 ac
597 2675 799 2710 ludovicum
819 2674 1078 2711 accersiendum
1096 2676 1328 2710 conclamant.
1352 2674 1475 2708 deleta.

415 2734 429 2754 ⁴
456 2734 645 2767 bononiam
672 2735 703 2766 1.
