1962 3262
327 237 402 276 ¹88
820 234 1041 276 menum
1072 235 1172 276 Lm.
1206 235 1263 276 11.

320 315 506 363 donum
547 314 728 379 regium
769 316 1031 382 excipiens,
1079 317 1319 384 suppetias
1359 325 1519 382 parat,
1561 316 1756 384 temne

318 391 552 440 subvenit.
581 393 704 440 Cum
718 393 818 441 suis
840 393 1000 460 itaque
1016 410 1073 443 ac
1095 393 1383 460 quibusdam
1406 392 1754 460 Cisalpinorum

317 468 594 536 potentibus
620 480 749 519 tram
781 472 1051 538 Sequanam
1086 472 1285 520 fluvium
1321 472 1411 520 iter
1436 470 1634 533 faciens,
1663 473 1752 537 Ba·

311 549 445 612 jocas
467 548 710 615 pervenit,
738 565 883 615 quam
914 565 1158 616 aggressus
1195 550 1344 599 multa
1367 549 1619 600 obsidione
1649 566 1753 617 pre-
1782 558 1786 562 '

316 625 416 673 mit.
459 627 588 674 Inter
626 625 728 673 baec
772 643 802 674 a
841 627 980 692 regiis
1000 628 1324 696 *stipatoribus
1365 627 1578 695 persuasi
1616 629 1752 677 Nort-

314 704 495 765 manni,
522 703 585 752 ad
613 720 773 769 regem
803 704 1021 753 redeunt.
1049 707 1155 754 Dux
1181 716 1342 754 autem
1367 706 1646 771 Bajooenses
1669 722 1748 755 ur·

312 780 466 845 gebat.
498 783 593 829 Rex
611 780 723 830 duci
741 780 1043 831 obsidionem
1054 781 1067 808 ¹
1089 781 1274 841 solvere
1290 799 1379 851 per
1394 782 1573 849 legatos
1589 781 1742 848 jubet.

310 858 394 907 lue
417 870 577 908 autem
610 869 777 926 utpote
803 859 865 908 ab
891 876 1002 925 rege
1029 859 1214 923 datum,
1251 860 1455 928 amplius
1481 871 1741 928 oppugnat.

311 938 406 984 Rex
435 953 630 1003 quoque
656 937 827 985 iterum
855 937 1068 998 mandat,
1101 937 1236 1003 quod
1268 939 1360 988 nisi
1384 939 1480 987 cito
1512 938 1740 1001 discedat,

308 1031 410 1063 sese
434 1016 483 1064 in
510 1031 623 1064 eum
646 1032 758 1064 cum
781 1016 932 1081 copiis
956 1016 1149 1064 iturum.
1178 1019 1286 1065 Dux
1310 1017 1448 1083 regiis
1466 1017 1609 1082 jussis
1632 1035 1744 1068 con·

308 1094 448 1142 traire
477 1110 576 1142 non
606 1093 787 1154 valens,
817 1093 880 1142 ab
903 1093 1156 1143 obsidione
1180 1105 1374 1144 coactus
1398 1094 1614 1145 discedit.
1644 1098 1741 1147 Rex

307 1170 476 1220 urbem
505 1182 854 1237 consequenter
882 1172 1159 1237 ingreditur.
1203 1173 1351 1237 Cujus
1382 1172 1444 1222 ad
1480 1189 1531 1222 se
1558 1172 1741 1223 civibus

307 1250 554 1309 revocatis,
573 1249 780 1298 Ebrocas
796 1251 915 1315 petit
927 1266 1000 1309 ac,
1021 1249 1155 1298 nullo
1174 1251 1439 1311 resistente,
1454 1250 1732 1316 ingreditur.

305 1331 400 1375 Nec
425 1328 583 1375 minus
609 1337 657 1375 et
679 1327 741 1375 ab
770 1326 1119 1375 Ebrocensibus
1142 1328 1345 1394 acceptis
1370 1327 1634 1389 obsidibus,
1662 1345 1735 1378 re-

304 1405 432 1469 liqua
449 1403 628 1469 absque
645 1404 1023 1454 contradictione
1046 1404 1268 1453 obtinuit.

500 1888 636 1924 xun.
647 1889 789 1925 -Dux
801 1892 821 1913 ⁵
837 1902 918 1926 suos
933 1890 969 1925 in
985 1891 1006 1913 ⁶
1021 1890 1111 1938 regis
1126 1891 1290 1938 injuriam
1306 1892 1326 1913 ’
1348 1889 1521 1926 homme.

359 1989 468 2034 Dux
484 1987 614 2053 apud
635 2004 748 2036 suos
773 1987 899 2036 hanc
924 1988 1143 2052 injuriam
1167 1989 1410 2055 sepissime
1432 1999 1723 2048 memorans,

295 2063 357 2112 de
386 2065 508 2130 regis
530 2066 740 2132 pernicie
762 2066 1100 2132 pertractabat3
1135 2066 1299 2115 fideles
1335 2076 1384 2115 et
1405 2067 1589 2114 amicos
1610 2065 1726 2115 hor·

295 2152 417 2202 tanS,
446 2153 498 2190 ut
520 2143 615 2191 hoc
649 2143 801 2191 ultum
831 2145 888 2191 iri
912 2143 1190 2192 accelerent.
1228 2143 1373 2203 Quod
1399 2143 1543 2192 etiam
1563 2143 1726 2192 multis

292 2221 604 2285 querimoniis
650 2221 945 2288 amplificans
963 2258 975 2281 ,
1022 2238 1133 2270 suos
1174 2222 1223 2269 in
1266 2237 1425 2287 regem
1472 2231 1719 2287 provocat.

292 2298 559 2346 Bernardus
596 2299 755 2363 itaque
793 2298 1048 2347 Silletensis
1085 2310 1228 2365 atque
1261 2298 1551 2348 Teutboldus
1581 2302 1726 2348 Turo-

290 2376 425 2424 nicus
448 2378 759 2442 conquerenti
786 2376 1120 2425 satisfacientes
1135 2413 1148 2437 ‚
1188 2376 1528 2425 Montiniacum
1545 2412 1559 2438 ,
1601 2377 1724 2442 regis

290 2454 522 2520 oppidum
538 2491 551 2515 ,
580 2455 629 2503 in
653 2456 765 2522 ipsis
790 2455 977 2522 paschae
993 2455 1178 2516 diebus,
1198 2454 1511 2522 pervadentes
1527 2455 1722 2522 capiunt

289 2532 593 2599 diruuntque.
623 2534 977 2600 Compendium
1000 2550 1222 2600 quoque,
1244 2533 1379 2599 regiae
1396 2533 1522 2582 sedis
1537 2531 1715 2612 aulem,

336 2681 353 2696 ⁴
380 2679 430 2719 D.
449 2679 481 2722 i,
500 2680 529 2721 i,
547 2678 686 2715 abacis«.

335 2735 345 2754 ⁸
372 2735 615 2771 abomidioue
635 2739 667 2771 i.
