1962 3262
351 247 432 289 2⁴0
845 246 1061 288 ulcnmu
1093 247 1191 288 Lus.
1226 248 1281 288 11.

353 357 377 380 «
401 345 557 384 rectus
572 336 632 383 sit
646 371 660 396 ,
686 336 939 401 jussusque
953 352 981 384 a
995 335 1179 384 domini
1202 338 1275 385 sui
1291 338 1597 389 insectatione
1625 340 1778 407 quie·-

355 434 378 458 «
401 430 524 463 cere.
552 434 574 458 υ

557 561 1009 610 LxXV.-Re·pomio·
1028 562 1572 612 managaim-eodm.

420 675 570 737 Atque
578 671 653 719 his
669 671 876 719 domnus
885 671 1094 720 Marinus
1107 672 1371 738 subjunxit:
1393 694 1418 719 «
1435 674 1743 737 Reminiscor,
1753 695 1776 721 »ι

354 750 599 816 inquiens,
637 770 661 794 «
693 749 928 797 domnum
958 766 1132 816 papam
1158 762 1268 800 ante
1293 751 1424 800 hunc
1462 769 1644 802 annum
1670 769 1782 803 ana·

358 847 382 873 «
411 827 636 875 themain
653 843 760 875 reos
784 827 963 875 misisse
995 827 1078 892 qui
1106 826 1238 876 hunc
1266 828 1517 878 dominum
1546 841 1594 880 et
1621 849 1782 899 regem

358 930 383 954 «
413 913 702 957 Francorum
719 907 1092 968 insectabantur3
1126 910 1373 976 epistolam
1396 926 1592 979 quoque
1618 929 1782 964 suaso-

359 1011 383 1036 «
412 992 530 1039 riam
548 989 675 1039 utab
690 1006 749 1038 eo
775 1007 873 1038 non
891 990 1138 1051 deficiant,
1172 991 1315 1041 bonis·
1341 993 1627 1058 quibuslibet
1653 996 1783 1045 dele-

360 1093 383 1117 «
414 1082 587 1137 gatam,
609 1082 751 1137 atque
774 1073 1165 1137 conquestionem
1181 1073 1243 1123 de
1266 1074 1434 1123 eadem
1452 1093 1504 1124 re
1522 1075 1691 1127 litteris
1706 1094 1784 1127 ex-

361 1170 386 1194 «
414 1165 651 1216 pressam,
700 1149 756 1196 iis
798 1149 969 1214 quibus
1009 1151 1169 1198 sanior
1200 1168 1336 1200 mens
1383 1162 1485 1201 erat
1523 1150 1786 1221 delegatam

364 1247 386 1272 «
417 1227 574 1275 fuisse.
604 1225 742 1274 Unde
766 1235 813 1275 et
830 1228 1004 1293 opinor
1020 1227 1276 1292 justissime
1293 1228 1491 1291 dictum,
1504 1246 1616 1279 cum
1630 1239 1742 1282 :nte
1758 1248 1789 1282 a

364 1325 387 1349 «
410 1321 533 1371 papa
557 1313 752 1352 vocatus
774 1315 915 1370 atque
936 1315 1177 1353 correctus
1194 1306 1277 1367 sit,
1303 1303 1434 1356 nunc
1456 1324 1650 1375 quoque
1675 1309 1790 1358 cari-

363 1402 388 1427 «
417 1382 522 1430 tatis
537 1380 684 1447 gratia
710 1382 1006 1430 revocandus
1031 1393 1118 1443 est,
1138 1394 1185 1431 et
1202 1383 1555 1449 diligentissima
1569 1385 1789 1436 suasione

365 1480 389 1504 «
420 1469 472 1507 ut
495 1476 525 1507 a
541 1458 677 1506 malis
702 1459 913 1524 quiescat
929 1462 1332 1523 commonendus,
1359 1474 1408 1512 et
1436 1473 1547 1530 post
1571 1463 1790 1514 omnium

367 1557 391 1582 «
422 1536 722 1585 anathemate
752 1537 1112 1603 dampnandum
1133 1549 1180 1588 et
1194 1556 1294 1588 non
1319 1540 1475 1591 solum
1496 1540 1597 1602 ille,
1623 1557 1790 1590 verum

369 1635 392 1659 «
421 1631 590 1663 omnes
604 1615 688 1680 qui
703 1615 746 1662 ei
763 1615 812 1662 in
831 1615 967 1663 malis
984 1615 1139 1664 favere
1157 1616 1423 1683 faventque.
1445 1618 1541 1667 Sed
1564 1618 1692 1669 bano
1714 1635 1793 1667 so-

369 1713 391 1738 «
422 1693 522 1740 lum
547 1709 575 1740 a
601 1691 740 1741 nobis
769 1692 969 1759 accipiet
997 1710 1157 1760 opem.
1195 1695 1437 1761 Numquid
1473 1713 1588 1745 vero
1609 1696 1673 1746 ab
1698 1697 1792 1747 alio

370 1790 394 1815 «
422 1771 677 1835 quicquam
692 1771 798 1836 opis
820 1771 1048 1837 accipiet?
1074 1772 1185 1836 Ejus
1200 1774 1479 1838 conquestio
1494 1774 1544 1822 in
1568 1790 1655 1823 sua
1667 1773 1794 1823 clau·

370 1871 395 1897 «
423 1851 552 1911 sula,
579 1867 722 1917 opem
737 1853 954 1900 omnium
972 1853 1194 1919 postulat.
1230 1854 1323 1902 Sed
1346 1854 1583 1904 sianobis
1613 1855 1658 1904 ei
1686 1872 1794 1904 suc-

372 1953 397 1978 «
426 1933 647 1993 curritur,
679 1948 708 1980 a
735 1932 918 1981 domno
936 1935 1114 1982 Ottone
1133 1950 1241 1999 rege
1255 1935 1372 2000 quid
1395 1935 1621 2003 accipiet?
1638 1937 1698 1985 Et
1710 1935 1795 1986 de·

373 2032 397 2057 α
426 2012 616 2060 cretalia
644 2022 806 2061 sancta
840 2013 1132 2075 acclamant,
1178 2026 1431 2082 postquam
1460 2017 1656 2066 tirannis
1684 2032 1797 2067 ana-

373 2111 398 2135 «
427 2090 589 2138 thema
620 2089 971 2156 dampnationis
1010 2091 1072 2140 ab
1106 2094 1340 2160 episcopis
1370 2094 1614 2159 injectum,
1631 2104 1704 2144 est
1719 2131 1734 2157 ,
1768 2112 1798 2144 a

376 2187 400 2212 u
429 2167 570 2215 bonis
584 2184 777 2233 quoque
793 2169 1065 2234 potentibus
1081 2171 1177 2218 vim
1195 2170 1505 2234 inferendam,
1524 2182 1577 2222 ut
1589 2173 1629 2223 si
1642 2172 1800 2223 aeocle-

376 2265 400 2289 «
429 2245 624 2292 siasticis
668 2246 1041 2295 correctionibus
1070 2247 1133 2296 ad
1171 2266 1391 2297 normam
1418 2250 1572 2299 redire
1600 2251 1794 2314 nolunt,

377 2341 401 2365 «
430 2321 596 2370 saltem
613 2324 881 2388 potentium
896 2324 1166 2375 vehementi
1186 2326 1406 2376 violentia
1434 2328 1497 2377 ad
1530 2328 1715 2379 bonum
1731 2346 1801 2380 ro-

379 2419 403 2443 «
430 2398 534 2447 dire
548 2410 794 2465 cogantur,
830 2411 881 2449 ut
905 2402 979 2450 vel
1006 2403 1163 2452 invitis
1188 2403 1316 2453 bona
1340 2414 1632 2472 prae'soentur.
1661 2426 1686 2453 »

423 2576 441 2594 ⁰
467 2575 554 2618 Res,
571 2575 650 2618 Ma,
670 2589 737 2623 pro
751 2589 794 2612 eo
812 2578 949 2613 abacis«.
