1962 3262
322 240 398 282 184
811 239 1032 281 menam
1061 239 1162 280 LtB.
1195 239 1250 279 11.

318 322 477 386 itaque
500 319 563 368 de
585 321 797 369 amicicia
814 319 1004 380 suadet3
1031 336 1134 369 sese
1156 321 1281 368 inter
1304 335 1389 368 eos
1412 318 1643 384 judicem,
1659 337 1745 387 pe·

317 400 444 447 nitus
466 399 734 464 aequitatem
752 399 939 464 utrique
960 398 1083 465 parti
1102 398 1336 446 facmrum
1352 395 1598 463 pollicens.
1625 399 1748 446 Con-

317 476 496 524 cedunt
510 476 668 542 itaque
685 492 741 524 ac
752 476 895 540 jussis
918 476 1056 541 regiis
1069 485 1262 542 parent,
1289 475 1507 542 datisque
1524 472 1742 537 vadibus,

317 554 536 619 equitatis
560 554 669 619 jura
702 563 1000 602 exsecuntur.
1044 556 1138 603 Rex
1162 571 1273 602 cum
1308 554 1519 620 utrisque
1551 553 1744 615 faveret,

317 631 578 697 quamlibet
604 633 792 698 utrique
821 630 1148 680 liberalitatem
1171 631 1387 680 conferre
1411 629 1742 681 meditabatur.

318 711 411 769 Qui
434 726 546 759 cum
565 709 812 758 Arnulfum
836 709 897 758 de
922 709 1363 776 recompensatione
1387 725 1548 757 rerum
1571 717 1752 775 empta-

318 805 426 836 rum
459 799 645 848 nutare,
685 804 740 836 ac
776 787 1023 836 Erluinum
1059 787 1309 836 instantius
1341 787 1513 836 amissa
1529 795 1757 853 repetem·

318 866 611 926 adverteret,
658 865 905 913 Arnulfum
939 882 1134 931 quoque
1175 865 1357 929 majora
1389 866 1745 927 restituturum,
1762 894 1782 908 υ

318 962 378 992 eo
396 944 564 1009 quod
554 961 653 1010 ipse
677 944 907 1010 ampliore
925 960 1084 991 rerum
1102 942 1354 1009 dispendio
1372 943 1620 992 Erluinum
1643 943 1752 993 affe-

319 1023 452 1082 cerit,
480 1022 677 1070 Erluino
703 1021 1028 1069 Ambianum'
1017 1038 1066 1069 m
1094 1021 1535 1087 recompensatione
1557 1021 1752 1071 amisso-

321 1117 428 1148 rum
475 1116 565 1166 pro
609 1098 804 1147 Amulfo
842 1099 1092 1151 concessit.
1143 1100 1314 1164 Sicque
1355 1098 1532 1149 sactum
1565 1107 1654 1161 est,
1698 1106 1751 1148 ut

322 1177 516 1226 Erluino
550 1194 635 1225 sua
674 1177 1055 1236 restituerentur,
1092 1186 1140 1224 et
1174 1176 1368 1225 Amulfo
1411 1192 1498 1224 sua
1529 1192 1631 1225 non
1661 1177 1751 1225 mi·

323 1265 596 1304 nuerentur.
633 1256 773 1319 Regis
808 1256 966 1320 itaque
999 1254 1229 1303 industria
1256 1255 1305 1303 in
1333 1254 1599 1304 amiciciam
1621 1270 1754 1303 revo-

322 1334 429 1391 cati,
454 1334 578 1398 regia
597 1333 785 1396 negotia
803 1333 974 1381 exinde
989 1332 1234 1381 curabant.

468 1631 563 1666 XLI.
580 1651 629 1658 —
643 1631 847 1680 Pmdigioea
860 1630 1111 1667 demonstratio
1126 1632 1147 1653 ⁰
1162 1629 1270 1666 cladi·
1285 1629 1549 1665 Brittannornm
1563 1629 1598 1662 θ.

389 1740 498 1795 Quo
528 1747 743 1803 tempore
773 1737 1009 1786 ferebatur
1040 1737 1202 1784 Parisii
1231 1735 1373 1783 turbo
1398 1744 1594 1801 repente
1620 1750 1757 1782 exor-

327 1824 418 1873 tus,
449 1823 579 1862 tanta
611 1815 657 1861 vi
682 1814 1035 1873 discucurrisse,
1063 1824 1116 1861 ut
1144 1814 1345 1879 parietes
1371 1812 1522 1861 multa
1542 1810 1758 1878 lapidum

329 1891 454 1939 mole
477 1891 718 1950 fundati,
706 1909 755 1939 m
779 1894 942 1940 Monte
965 1892 1210 1940 Martii-um
1242 1891 1454 1939 funditus
1478 1890 1631 1940 eversi
1654 1889 1757 1938 fue·

328 1969 436 2016 rint.
464 1972 707 2018 Demones
724 1987 919 2035 quoque
936 1971 1150 2035 equitum
1168 1970 1325 2036 specie
1343 1970 1488 2029 visos,
1513 1967 1759 2018 basilicam

328 2047 570 2111 quandam
597 2064 697 2095 non
724 2048 893 2114 procul
921 2049 1076 2107 sitam,
1110 2048 1349 2107 evertisse,
1383 2047 1581 2112 ejusque
1603 2043 1761 2094 trabes

330 2126 602 2173 memoratis
643 2126 905 2192 parietibus
940 2137 1036 2174 tam
1078 2125 1233 2174 valide
1273 2125 1549 2184 incussisse,
1586 2133 1640 2171 ut
1676 2138 1760 2171 eos

329 2202 623 2263 subruerint3
668 2203 892 2252 evulsisse
929 2205 1071 2252 etiam
1111 2203 1327 2268 ejusdem
1362 2202 1540 2251 montis
1570 2202 1757 2260 vineta,

329 2297 385 2328 ac
413 2291 514 2329 sata
545 2282 828 2331 devastasse.
868 2284 977 2330 Mox
1005 2283 1106 2329 viso
1137 2281 1374 2348 prodigio,
1405 2280 1762 2328 Bdttannomm

331 2359 562 2423 pernicies
602 2359 852 2407 subsecuta
883 2370 969 2407 est.
1007 2360 1102 2419 Qui
1144 2359 1412 2425 Berengarii
1451 2367 1594 2424 atque
1629 2356 1763 2406 Alani

330 2437 600 2504 principum
641 2437 915 2485 dissidentia
953 2437 1214 2498 discordeS,
1257 2453 1284 2485 a
1317 2435 1623 2486 Nortmannis
1650 2449 1764 2482 cum

331 2515 504 2579 quibus
527 2526 720 2582 pactum
746 2527 955 2580 egerant,
982 2516 1184 2582 pervasi,
1212 2513 1455 2580 multaque
1478 2510 1596 2561 cede
1618 2510 1763 2561 auriti

331 2605 455 2641 sunt.
503 2597 699 2642 Necnon
738 2605 787 2643 et
814 2595 976 2642 civitas
1011 2598 1285 2642 Namtarum
1322 2601 1458 2657 capta
1489 2601 1575 2640 est.
1617 2587 1764 2652 cujus

383 2738 406 2780 ’-
425 2734 486 2773 ἀρ,
506 2735 549 2776 ti,
569 2743 600 2768 tn
619 2735 755 2770 abscisa.
