1962 3262
349 252 426 294 196
812 247 1036 292 mensal
1067 249 1167 293 Lm.
1201 249 1258 290 11.

342 331 476 380 nullo
497 341 770 398 suspectum
792 330 1072 392 habuerat‘,
1096 348 1290 380 securus
1313 332 1523 380 accessit.
1547 330 1779 382 Bai-hams

341 427 456 458 vero
474 410 678 458 militum
696 409 907 476 inopiam
927 410 1140 471 intuitus,
1158 426 1270 458 cum
1295 409 1599 458 multitudine
1621 425 1778 459 arma·

340 499 500 536 torum
531 504 692 554 regem
724 488 970 536 incautum
1010 488 1296 554 aggreditur.
1342 488 1489 552 Cujus
1523 485 1777 538 satellitum

337 566 457 615 alios
480 567 715 626 saucians,
734 565 854 614 alios
871 566 1166 627 interimens,
1194 583 1355 632 regem
1373 567 1423 614 in
1442 562 1600 632 fug‘am
1618 566 1772 633 eogit3

336 656 385 693 et
416 645 538 693 forte
563 645 780 711 cepisset,
809 644 901 692 nisi
931 643 994 692 ab
1021 644 1124 709 ejus
1155 645 1390 709 armigero
1418 645 1681 706 resistente,
1706 644 1775 694 ibi

336 739 450 771 mox
467 722 733 782 iulet-seem,
755 721 1094 788 aliquantisper
1109 721 1330 770 detentus
1346 732 1484 771 esset.
1513 725 1621 782 Qua
1637 739 1774 773 mora

335 818 417 851 rex
441 801 552 867 equi
570 801 819 849 velocitate
843 818 931 867 per
945 799 1082 848 devia
1101 810 1281 867 raptus,
1311 800 1620 850 Rhodomum
1642 801 1774 851 solus

332 881 566 947 pervenit.
598 879 872 945 Urbemque
889 879 1144 944 ingressus,
1165 865 1195 927 a
1208 878 1409 941 civibus,
1430 895 1491 928 eo
1508 879 1643 946 quod
1659 897 1773 930 cum

331 958 668 1023 Bajocensibus
691 958 1061 1025 conspirassent,
1083 967 1251 1024 captus
1268 973 1324 1006 ac
1342 966 1501 1007 tentus
1515 968 1602 1007 est.

323 1656 493 1692 XLVIII.
510 1676 558 1685 —
570 1657 644 1692 Rex
659 1657 676 1678 ¹
692 1669 714 1691 a
741 1655 1002 1692 Non-tmannis'
1027 1667 1092 1704 per
1117 1653 1256 1690 obside·
1270 1655 1290 1677 ⁶
1318 1652 1520 1698 dimittitur,
1550 1661 1585 1690 et
1602 1653 1730 1693 iterum
1745 1654 1764 1677 ⁸

835 1711 922 1748 dolo
935 1724 957 1747 ι
971 1712 993 1735 ’
1007 1710 1098 1747 duce
1114 1711 1264 1759 eapitur.

387 1821 526 1884 Hugo
544 1818 640 1867 dux
670 1835 831 1884 regem
857 1817 1098 1866 Rhodomi
1121 1826 1316 1883 captum
1338 1816 1658 1883 comperiens,
1683 1819 1766 1865 Ba—

315 1899 450 1963 jocas
480 1898 697 1959 devenit,
733 1914 824 1965 pro
862 1897 985 1962 regis
1017 1896 1240 1962 captione
1267 1895 1440 1960 gratias
1468 1893 1759 1957 redditurus,

319 1993 377 2025 ac
409 1986 462 2024 ut
494 1975 585 2025 sibi
616 1986 784 2044 captus
810 1975 1117 2025 commitatur
1133 1973 1151 1999 ²
1190 1974 1572 2023 ratiocinaturus.
1619 1975 1760 2023 Nort-

321 2055 487 2103 manni
506 2054 651 2103 vero'
678 2055 818 2120 justis
843 2051 1203 2102 conditionibus
1225 2052 1276 2100 id
1299 2051 1541 2117 agendum
1567 2067 1762 2118 πωροι)-

318 2132 453 2192 dent,
472 2143 527 2181 ut
552 2133 591 2180 si
616 2132 715 2181 dux
746 2149 907 2198 regem
932 2132 1151 2198 excipiat,
1179 2131 1271 2198 ipsi
1288 2131 1409 2196 regis
1426 2129 1550 2178 filios
1568 2146 1757 2192 omnes,

317 2210 408 2259 sub
421 2212 531 2275 jure
559 2210 784 2259 obsidum
814 2210 1071 2276 accipiant3
1111 2226 1201 2257 nec
1229 2208 1320 2257 sub
1349 2208 1440 2256 alia
1470 2207 1574 2273 lege
1597 2225 1760 2275 regem

317 2305 421 2337 sese
434 2288 731 2337 dimissuros.
761 2291 869 2336 Dux
886 2288 1159 2354 captionem
1182 2286 1503 2348 dissimulans,
1522 2287 1618 2335 acsi
1635 2287 1760 2354 regis

317 2382 460 2415 causa
492 2383 596 2415 rem
629 2366 953 2425 ordinaturus,
987 2366 1050 2414 ad
1082 2366 1295 2431 reginam
1327 2365 1638 2431 Get-bergam,
1662 2383 1757 2455 pro

318 2444 438 2494 filiis
457 2445 580 2511 regis
611 2444 792 2510 legatos
828 2445 984 2492 mittit.
1028 2448 1084 2493 At
1118 2446 1278 2510 regina
1315 2461 1417 2492 rem
1441 2445 1755 2496 neeessariam

368 2594 462 2637 R,
479 2593 626 2638 tm,ob,
643 2605 700 2637 m,
717 2594 768 2636 it,
786 2606 808 2629 a
822 2592 847 2628 d
864 2606 904 2627 ea:
921 2595 1058 2639 coqu-e.

366 2677 375 2696 ¹
404 2675 555 2711 habebat
573 2677 605 2710 ¹.

362 2741 377 2760 ²
402 2742 470 2774 sic.

363 2796 377 2815 ²
403 2808 437 2829 v.
455 2794 538 2830 duci
564 2808 636 2830 non
653 2796 735 2830 satis
750 2794 906 2838 mduli,
914 2797 986 2842 jam
1003 2794 1123 2828 deleta.
