1962 3262
342 247 421 287 268
846 250 1067 292 menam
1099 252 1198 293 Lm.
1232 252 1287 293 11.

987 578 1118 615 xcv1.

403 680 628 748 Episcopi
663 681 821 746 itaque
844 680 1106 731 Galliarum
1130 682 1432 732 anathemate
1466 683 1612 746 moti,
1646 683 1779 751 apud

338 757 513 807 ducem
528 758 834 825 colliguntur,
874 770 922 808 et
952 760 1065 808 inde
1089 761 1364 827 gravissime
1395 771 1774 827 conqueruntur,

335 854 395 886 ex
418 837 620 886 decretis
649 848 840 904 patrum
856 874 870 898 ,
899 839 1140 905 sacrisque
1162 838 1429 888 canonibus
1447 839 1560 888 duci
1578 839 1778 889 demon-

333 924 537 964 strantes
575 916 819 964 neminem
854 926 978 965 stare
1017 917 1321 983 pertinaciter
1357 916 1584 967 adversus
1624 917 1777 968 domi·

333 1010 452 1041 num
468 1011 609 1042 suum
627 994 827 1054 debere,
850 1011 940 1043 nec
963 1005 1142 1043 temere
1171 995 1220 1042 in
1254 1011 1366 1043 eum
1390 995 1648 1070 quicquam
1671 1012 1775 1045 mo·

332 1071 424 1120 liri.
462 1072 585 1121 lllud
609 1074 753 1122 etiam
777 1074 1130 1140 promptissime
1167 1083 1462 1134 monstrant,
1507 1073 1771 1122 secundum

331 1150 632 1217 Apostolum,
654 1168 815 1217 regem
833 1150 1252 1199 honorificandum
1271 1188 1285 1212 ,
1323 1161 1371 1199 et
1395 1167 1496 1199 non
1521 1151 1680 1200 solum
1704 1168 1773 1202 re-

330 1244 463 1293 gem,
483 1245 651 1277 verum
670 1245 866 1277 omnem
880 1239 1165 1296 potestatem
1190 1230 1422 1295 majorem
1446 1228 1675 1296 subjectis
1686 1229 1774 1280 do-

329 1306 500 1355 minari
523 1306 699 1356 debere
721 1318 964 1369 asserunt3
1000 1318 1160 1375 preter
1177 1308 1277 1356 baec
1306 1325 1502 1375 quoque
1534 1308 1772 1376 pernicio-

327 1390 566 1438 sissimum
608 1406 736 1451 esse,
785 1390 1102 1458 apostolicum
1159 1390 1414 1440 anathema
1468 1390 1771 1459 pern‘naciter

326 1469 621 1537 vilipendere
635 1507 649 1533 ,
694 1488 806 1519 cum
840 1471 892 1520 id
915 1473 976 1520 sit
999 1471 1183 1538 gladius
1216 1473 1300 1537 qui
1341 1481 1561 1540 penetrat
1593 1489 1770 1540 corpus

329 1566 481 1614 usque
505 1549 568 1597 ad
586 1550 819 1611 animam,
851 1560 899 1599 et
922 1551 989 1599 sic
1013 1549 1324 1599 mortificatos
1357 1567 1387 1598 a
1419 1567 1569 1616 regno
1603 1548 1768 1599 beato-

331 1643 442 1674 rum
461 1628 714 1694 spirituum
745 1629 957 1696 repellat.
986 1629 1082 1677 Sibi
1108 1630 1254 1677 etiam
1285 1628 1500 1695 periculo
1534 1645 1636 1677 esse
1670 1645 1768 1678 me-

326 1716 519 1754 morant
536 1743 549 1767 ,
589 1708 628 1755 si
651 1706 702 1755 id
728 1707 862 1773 quod
894 1707 1144 1756 animabus
1166 1706 1432 1774 periculum
1463 1707 1659 1773 ingerit,
1686 1723 1770 1756 ne-

325 1783 563 1850 glegentes
580 1802 681 1834 non
700 1786 1014 1834 innotescant.

962 1931 1111 1967 xcvn.

387 2030 578 2080 Talibus
608 2029 709 2080 dux
736 2046 1012 2098 persuasus,
1051 2031 1150 2096 regi
1188 2029 1433 2078 humiliter
1467 2029 1764 2080 reconciliari

322 2107 564 2175 deposcit,
607 2109 747 2175 eique
779 2107 1129 2158 satisfacturum
1160 2124 1262 2158 sese
1300 2109 1568 2176 pollicetur.
1609 2109 1761 2175 Hujus

321 2187 593 2236 concordia:
636 2197 684 2236 et
736 2186 866 2253 pacis
883 2223 896 2247 ,
942 2186 1243 2236 ordinatores
1294 2187 1425 2237 fuere
1475 2187 1760 2238 Chonradus

321 2264 421 2312 dux
440 2275 489 2314 et
514 2268 653 2330 Hugo
681 2275 1005 2331 cognomento
1024 2266 1181 2331 Niger,
1204 2266 1440 2315 Adalbero
1469 2282 1665 2333 quoque
1694 2277 1762 2316 at·

320 2359 416 2408 que
433 2342 681 2392 Fulbertus
710 2344 936 2410 episcopi.
971 2346 1030 2392 Et
1058 2343 1139 2393 die
1167 2345 1424 2393 constituta
1465 2361 1547 2396 rex
1580 2354 1629 2394 et
1659 2344 1758 2395 dux

321 2421 630 2471 conveniunt.
676 2426 740 2470 Ac
778 2439 915 2471 secus
954 2422 1153 2470 fluvium
1184 2425 1450 2471 Mati-onam
1481 2422 1752 2485 conlocuti,

319 2499 615 2567 principibus
643 2500 879 2567 pmdictis
915 2500 1218 2548 internuntiis
1237 2537 1250 2560 ,
1297 2501 1347 2548 in
1378 2516 1616 2548 summam
1645 2516 1759 2549 con-

318 2578 534 2627 cordiam
561 2579 898 2644 benignissime
923 2578 1183 2628 redierunt.
1212 2581 1272 2626 Et
1295 2588 1476 2644 quanto
1499 2577 1758 2628 vehemen-

320 2657 411 2704 tius
432 2667 543 2705 ante
563 2658 611 2705 in
640 2674 743 2706 sese
773 2657 967 2722 grassati
983 2655 1157 2716 fixere,
1189 2667 1322 2704 tanto
1347 2655 1552 2723 amplius
1581 2655 1756 2705 exinde

319 2736 522 2783 amicitia
541 2752 592 2783 se
609 2736 814 2783 coluere.
849 2738 983 2798 Hugo
1004 2735 1162 2799 itaque
1189 2734 1287 2782 dux
1313 2750 1399 2800 per
1416 2750 1586 2783 manus
1610 2745 1658 2783 et
1684 2750 1757 2782 sa·-
