1962 3262
311 269 394 311 266
807 266 1028 309 menam
1061 268 1161 309 Lm.
1196 267 1253 308 11.

968 386 1106 424 xcm.

375 474 639 524 Aliorsum
628 485 788 541 itaque
804 476 895 525 iter
906 484 1211 542 retorquent,
1240 484 1289 523 et
1305 490 1458 540 usque
1471 472 1536 523 ad
1552 472 1753 524 fluvium

311 556 610 645 Sequanam,
649 554 878 621 quioquid
902 554 1039 604 ducis
1072 554 1229 603 visum
1252 563 1324 603 est
1352 570 1439 620 per
1466 554 1530 604 4⁰
1554 551 1755 603 miliaria

311 633 653 682 immanissime
667 633 883 682 insectati
902 642 1030 682 sunt.
1052 631 1148 682 Sed
1171 649 1284 681 cum
1300 631 1473 680 fluvius
1490 630 1754 697 equitatum

311 712 496 778 regium
520 711 716 761 ulterius
745 710 1054 778 prohiberet,
1085 727 1169 760 rex
1203 710 1376 776 gratias
1398 708 1626 759 exercitui
1646 708 1755 758 red·

312 789 410 852 dit,
439 800 488 840 et
501 806 666 839 secum
681 806 831 856 usque
848 806 948 856 quo
966 806 995 838 a
1009 806 1061 838 se
1078 787 1408 838 dividerentur
1421 788 1623 837 reducit.
1643 789 1755 836 Dux

311 879 474 918 autem
487 885 516 917 e
530 868 729 934 vestigio
754 868 1015 917 exercitum
1037 866 1294 916 collectum
1324 867 1377 916 in
1406 883 1586 934 pagum
1617 866 1755 915 Sues-

313 947 534 995 sonicum
551 946 762 996 deducit.

963 1073 1095 1110 XCIV.

380 1185 474 1234 Ubi
501 1203 616 1235 cum
643 1187 693 1234 in
718 1201 879 1251 regem
907 1194 1180 1247 conaretur,
1207 1181 1634 1234 intervenientibus
1655 1182 1758 1250 epi-

313 1264 472 1331 scopis
495 1264 707 1314 Widone
735 1263 1118 1325 Aufisidorense,
1149 1273 1198 1313 et
1222 1263 1449 1329 Ansegiso
1465 1261 1718 1311 'trecasino
1735 1297 1756 1324 ‚³

308 1343 623 1409 jurejurando
652 1343 893 1409 utrimque
917 1352 1115 1409 accepto
1139 1340 1231 1390 sub
1254 1357 1373 1409 pace
1399 1349 1660 1406 sequena-a,
1681 1355 1756 1388 us-

314 1437 410 1486 que
432 1422 483 1470 in
503 1421 683 1470 Pascha
698 1422 820 1470 ratio
836 1437 1008 1470 eorum
1030 1420 1177 1470 dilata
1198 1430 1285 1469 est.
1308 1422 1426 1480 Quae
1442 1418 1608 1469 omnia
1627 1417 1756 1468 sulio

314 1516 479 1549 mense
498 1500 511 1526 ¹
549 1510 681 1566 gesta
704 1509 834 1548 sunt.

968 1634 1082 1671 XCV.

382 1745 493 1802 Quo
522 1743 669 1792 etiam
693 1753 934 1810 tempore,
960 1741 1160 1791 sinodus
1193 1742 1355 1788 Romae
1392 1737 1557 1788 habita
1587 1747 1660 1788 est
1705 1738 1755 1787 in

316 1818 511 1868 basilica
534 1821 696 1869 Sancti
732 1821 859 1869 Petri
884 1819 1089 1888 apostoli
1113 1818 1397 1886 praesidente
1429 1816 1615 1866 domno
1639 1818 1758 1883 Aga·

315 1899 418 1966 pito
439 1915 584 1966 papa.
602 1902 658 1947 ln
673 1915 770 1966 qua
793 1900 938 1948 etiam
955 1899 1058 1966 ipse
1083 1898 1293 1947 domnus
1317 1913 1442 1964 papa
1457 1932 1472 1958 ‚
1497 1894 1758 1944 concilium

314 1978 554 2026 anteriore
586 1994 717 2026 anno
741 1977 872 2045 apud
895 1977 1175 2043 Angleheim
1198 1974 1445 2036 habitum,
1472 1989 1639 2023 coram
1662 1973 1773 2040 epi?

315 2057 473 2123 scopis
505 2056 647 2105 ltaliae
673 2056 942 2117 roboravit,
973 2066 1022 2104 et
1055 2054 1118 2104 ab
1147 2055 1217 2103 eis
1241 2052 1462 2102 roborari
1492 2050 1752 2100 constituit.

315 2138 568 2201 Hugonem
592 2152 787 2201 quoque
804 2134 1067 2183 Galliarum
1093 2132 1292 2192 ducem,
1321 2132 1370 2180 in
1401 2128 1672 2197 supradicta
1700 2130 1758 2178 si·

316 2213 450 2261 nodo
499 2214 815 2280 dampnatum
831 2250 845 2275 ‚
886 2213 988 2280 ipse
1025 2212 1171 2261 etiam
1200 2209 1527 2276 condempnat
1543 2243 1557 2269 ,
1598 2206 1759 2258 donec

317 2292 416 2356 regi
434 2308 524 2340 suo
538 2291 791 2340 satisfaciat
808 2327 822 2351 ‚
851 2301 935 2339 aut
953 2292 1155 2338 Romam
1178 2288 1338 2336 veniat
1370 2286 1482 2335 inde
1511 2285 1762 2334 ratiocina-

317 2379 469 2418 turus.
506 2372 714 2436 Moxque
743 2369 999 2418 anathema
1026 2368 1321 2434 descriptum
1350 2376 1399 2414 et
1421 2382 1450 2415 a
1473 2363 1647 2415 sinodo
1678 2380 1761 2414 ro·

318 2447 543 2498 boratum
556 2485 571 2510 ,
597 2449 835 2516 episcopis
859 2447 1122 2497 Galliarum
1145 2445 1427 2494 destinatur.

365 2606 377 2626 ⁸
404 2607 549 2654 Augusti
568 2616 726 2654 tempore
746 2608 776 2641 ί.
