1962 3262
260 237 336 275 118
772 236 994 279 mcum!
1025 239 1125 282 Lm.
1159 239 1194 279 Ι.

255 332 433 380 equum
466 315 702 365 ferebatur
727 317 904 368 habere
927 336 1167 368 annorum
1192 320 1300 387 plus
1326 336 1472 386 quam
1496 330 1691 371 centum

256 402 303 440 et
325 391 484 441 adhuc
516 404 619 443 toto
650 411 854 463 corpore
879 396 1221 446 validissimum
1237 434 1250 459 ,
1282 399 1378 463 regi
1409 398 1692 448 militaturus

256 472 463 520 occurrit
478 508 492 531 ,
519 488 576 521 ac
598 474 854 539 provinciae
879 476 1215 541 procuratione
1238 476 1440 537 reddita,
1470 493 1553 525 rex
1577 474 1692 525 libe-

259 549 416 598 raliter
436 550 659 612 reddidit,
686 562 829 618 atque
852 569 880 601 a
903 570 956 602 se
977 554 1234 627 principari
1258 555 1506 603 concessit.

604 1053 921 1088 Lim-‘rum
941 1053 1146 1088 anorum·
1169 1051 1346 1100 pmdigi..

327 1169 425 1216 Hac
447 1184 641 1233 quoque
667 1177 967 1234 tempestate,
994 1167 1142 1232 ignffoe
1174 1166 1331 1214 Remis
1355 1166 1405 1213 in
1423 1164 1546 1213 ooelo
1569 1166 1696 1216 acies

263 1246 397 1307 visae,
418 1255 466 1293 et
482 1246 684 1293 flammae
698 1245 990 1310 sanguineae,
1009 1244 1145 1310 quasi
1155 1244 1314 1309 jacula
1335 1254 1418 1292 aut
1434 1252 1694 1310 serpentes,

262 1323 540 1371 discurrere,
572 1325 682 1370 Mox
707 1339 901 1388 quoque
918 1322 1062 1370 subiit
1082 1323 1093 1347 ⁶
1120 1332 1168 1371 et
1190 1322 1360 1389 pestis,
1380 1321 1567 1388 papulis
1594 1338 1699 1387 ery-

262 1402 457 1468 sipilatis
492 1402 770 1450 innumeros
802 1417 1021 1450 enecans.
1057 1404 1154 1450 Nec
1182 1401 1334 1449 multo
1364 1410 1474 1467 post
1499 1410 1547 1448 et
1576 1401 1700 1466 regis

264 1479 474 1528 desectus
497 1479 791 1528 subsecutus.
812 1482 932 1528 Nam
948 1496 1060 1528 cum
1083 1478 1346 1528 autumnali
1370 1488 1587 1544 tempore
1603 1493 1702 1528 me-

266 1557 469 1606 lancolia
501 1558 552 1606 in
587 1556 874 1624 patientibus
908 1556 1220 1618 redundaret,
1258 1556 1530 1616 cacocexia,
1562 1555 1698 1622 quod

267 1636 418 1683 latini
449 1635 622 1683 malam
654 1636 871 1701 corporis
893 1634 1224 1683 habitudinem
1246 1634 1413 1683 dicunt
1427 1669 1441 1694 ,
1480 1643 1584 1682 toto
1615 1649 1699 1682 au·

268 1724 436 1762 tumno
454 1713 676 1762 detentus
700 1723 786 1762 est.
809 1714 1068 1778 Victusque
1099 1712 1316 1760 humoris
1339 1710 1695 1777 superfluitate,

267 1791 462 1853 defecit,
503 1791 845 1857 hominemque
883 1791 1041 1839 exivit.
1079 1793 1132 1838 ln
1171 1789 1363 1838 basilica
1401 1798 1573 1837 sanctae
1609 1790 1700 1836 Go-

267 1869 441 1918 lumbae
473 1869 666 1935 virginis
689 1868 817 1935 apud
849 1870 1062 1916 Senonas
1099 1867 1249 1915 multa
1280 1867 1546 1915 amicorum
1574 1866 1701 1914 attri-

268 1950 423 2010 tione,
451 1964 743 2013 suorumque
766 1947 998 2013 obsequio
1027 1945 1304 1994 tumulatur.
1338 1948 1410 1994 De
1441 1944 1573 2009 regni
1601 1959 1701 1992 am·-

268 2027 613 2075 ministratione
644 2025 762 2074 nihii
794 2025 1052 2094 disposuit3
1085 2034 1133 2073 at
1155 2023 1436 2092 primatibus
1463 2038 1571 2070 eam
1594 2019 1701 2069 reli·

267 2105 391 2170 quit,
437 2121 497 2153 eo
537 2103 671 2169 quod
717 2103 840 2153 filios
880 2121 982 2153 non
1021 2103 1244 2152 habuerit
1259 2138 1274 2163 ,
1320 2102 1403 2173 qui
1443 2114 1703 2167 regnorum

267 2200 429 2233 rerum
448 2183 732 2249 potirentur.

313 2313 531 2355 *lom

316 2370 655 2408 *mh-emmeant.
