1962 3262
370 276 442 315 15⁴
858 273 1076 315 menam
1108 274 1207 315 un.
1241 274 1298 315 11.

362 356 729 420 circumquaque
746 354 954 403 adhibet.
984 358 1138 414 Quam
1156 356 1381 403 continua
1394 357 1747 422 oppugnatione
1765 358 1776 381 ‘

361 434 614 497 exagitans,
666 434 834 498 quinto
876 433 1068 481 tandem
1115 433 1192 481 die
1228 433 1502 498 ingreditur,
1546 434 1779 500 capitque.

362 509 469 558 lllos
492 526 685 575 quoque
708 511 788 575 qui
808 510 894 557 sibi
930 511 1250 577 surripuerant
1271 511 1649 577 comprehendit.
1691 512 1784 560 Sed

362 598 525 654 utpote
542 589 615 636 vir
641 587 813 647 bonus,
836 588 1102 654 nulliusque
1132 590 1237 638 vitae
1266 589 1476 649 aemulus,
1505 589 1785 657 indempnes

359 664 488 713 abire
519 666 744 730 permisit.
782 665 1027 731 Oppidum
1056 667 1197 715 etiam
1226 666 1436 716 funditus
1470 667 1669 728 subruit,
1701 668 1785 716 sio-

358 759 453 807 que
477 743 538 791 ad
563 759 648 791 sua
667 742 819 791 rediit.

359 1035 748 1071 xxa—ueritiam
770 1046 805 1072 et
831 1036 936 1084 Ilugo
962 1036 1088 1072 Remos
1111 1036 1273 1072 obnidmt
1297 1046 1332 1072 et
1353 1035 1514 1085 apium,
1536 1037 1783 1087 Μαι

993 1096 1138 1144 pellunt.

423 1202 694 1251 Heribertus
720 1203 954 1252 malorum
971 1203 988 1228 ²
1019 1203 1318 1251 occasionem
1351 1211 1535 1262 nactus,
1561 1202 1659 1252 ami
1678 1217 1786 1250 auo-

358 1295 464 1326 rum
482 1280 715 1345 oppidum
741 1280 952 1328 dirutum
978 1280 1164 1340 dolens,
1191 1279 1320 1347 apud
1339 1282 1590 1344 nugonem
1612 1277 1784 1329 (hicum

356 1356 558 1420 qualiter
594 1360 765 1405 Remos
802 1357 1011 1418 invadat,
1042 1368 1186 1423 atque
1217 1358 1496 1424 episcopum
1519 1366 1782 1423 expungat,

356 1434 774 1483 vehementissime
799 1437 908 1500 agit.
955 1437 1042 1484 Cui
1079 1452 1192 1483 mox
1228 1439 1366 1501 Hugo
1402 1445 1569 1502 utpote
1594 1435 1784 1484 tiranno

357 1512 570 1560 tirannus
611 1514 942 1573 consentiens,
986 1529 1089 1562 sese
1137 1513 1469 1563 auxiliaturum
1512 1511 1779 1579 pollicetur.

355 1589 564 1638 Collecto
583 1592 742 1656 imque
753 1591 960 1655 agmine,
972 1590 1145 1639 ambo
1133 1607 1183 1639 m
1200 1590 1369 1639 urbem
1386 1590 1619 1650 feruntur,
1635 1589 1785 1638 mlta

355 1684 461 1716 eam
490 1669 668 1717 circum
697 1668 948 1718 obsidione
976 1669 1217 1718 vallantes.
1250 1669 1427 1718 Urbani
1451 1668 1700 1718 floriberto
1722 1668 1787 1718 sn·

355 1756 533 1805 ventes,
555 1763 614 1794 eo
641 1747 774 1812 quod
792 1748 923 1812 regio
941 1748 1074 1812 jussu
1090 1748 1191 1812 ejus
1214 1746 1365 1795 filium
1394 1756 1504 1795 ante
1538 1745 1784 1795 Artoldnm

355 1822 652 1888 delegissent,
673 1823 800 1872 bello
825 1824 1018 1884 cedunt,
1041 1824 1382 1890 praesulemque
1409 1824 1701 1891 relinquunt,
1721 1832 1786 1872 at-

355 1918 466 1966 que,
495 1902 557 1950 ad
589 1919 683 1950 suae
716 1919 867 1968 poenae
896 1902 1158 1963 cumulum,
1186 1902 1451 1951 desertores
1478 1902 1542 1951 ad
1570 1902 1784 1951 &annos

357 1989 615 2028 transeunt.
653 1981 834 2045 Apertis
862 1996 977 2028 vero
1013 1981 1179 2046 portis,
1223 1990 1351 2027 sexta
1387 1979 1650 2034 obsidionis
1683 1978 1778 2038 die,
1815 1984 1823 1992 '

356 2057 568 2105 tirannos
598 2058 645 2104 in
671 2057 840 2105 urbem
863 2058 1116 2123 excipiunt.
1160 2057 1380 2105 Artoldus
1404 2056 1584 2122 pulsus,
1611 2056 1673 2104 ad
1690 2073 1784 2105 οω-

356 2133 556 2182 nobium
572 2135 724 2183 sancti
742 2135 936 2199 Remigii
957 2134 1288 2201 proficiscitur,
1315 2150 1451 2183 suam
1467 2133 1535 2183 ibi
1550 2135 1655 2183 Deo
1670 2150 1784 2183 oon·

355 2214 558 2278 spectori
601 2214 818 2260 omnium
862 2213 1210 2278 querimoniam
1245 2211 1463 2260 fundens.
1517 2211 1636 2259 Ubi·
1670 2229 1782 2261 mox

354 2291 691 2358 episcoporum
721 2290 955 2358 aliquibus
991 2307 1047 2339 ac
1070 2289 1357 2356 quibusdam
1384 2286 1681 2356 magnatibus
1708 2290 1784 2339 sti·

354 2378 514 2434 patus,
567 2369 821 2434 rogabatur
861 2379 914 2417 ut
948 2369 1286 2418 Avenniacensi
1317 2366 1506 2416 abbatia
1539 2366 1784 2434 sanctique

357 2445 508 2493 Basoli
539 2445 681 2495 rebus
714 2455 981 2505 conteutuS,
1013 2447 1239 2513 episcopii
1267 2446 1494 2512 dignitate
1523 2462 1626 2495 sese
1650 2445 1783 2495 abdi-

247 2519 250 2524 ’
354 2534 495 2571 caret.
532 2526 682 2589 Atque
706 2524 865 2572 multis
894 2525 1132 2573 minarum
1156 2523 1415 2572 terroribus
1444 2522 1639 2573 affectus
1671 2539 1784 2572 con-

403 2672 412 2691 ·
439 2673 695 2719 expugnatione
713 2675 744 2707 ¹.

402 2728 417 2747 ¹
442 2728 521 2762 mali
540 2730 573 2763 1.

403 2783 417 2802 ⁸
443 2783 511 2826 Qui
537 2787 569 2818 t.
