1962 3262
331 260 383 298 ⁵20
829 258 1047 301 mmmm
1078 260 1179 302 Lm.
1213 263 1246 301 1.

328 339 524 398 nitente,
559 337 773 386 redeunt.
798 341 913 388 Tam
942 340 1063 389 felici
1094 358 1208 407 ergo
1250 358 1465 390 successu
1500 342 1631 402 elati,
1666 361 1756 412 per

326 416 581 464 exteriores
611 416 876 465 Brittannia!
900 417 1018 466 lines
1041 435 1175 467 secus
1209 419 1537 484 Andegavum,
1567 421 1755 488 Aquita-

326 495 454 542 niam
478 494 764 562 irrumpunt,
796 495 1038 561 multaque
1060 496 1430 565 depopulatione
1455 508 1653 547 terrram
1676 498 1756 550 de-

325 582 531 632 vastant3
557 571 802 621 abducunt
823 574 951 621 viros
974 590 1030 622 ac
1060 574 1279 623 mulieres
1308 593 1602 643 puerosque;
1637 593 1755 644 quo-

324 666 431 697 rum
454 650 774 716 provectiores
797 651 846 698 in
871 660 1075 717 utroque
1097 669 1210 701 sexu
1241 653 1550 715 obtruncant3
1578 671 1754 721 pueros

322 727 532 776 servituti
557 729 851 794 mancipant,
879 728 1076 778 feminas
1106 747 1219 780 vero
1249 748 1355 796 quae
1384 732 1601 781 sormosae
1623 732 1755 782 vide·

321 804 495 854 bantur
510 806 816 872 prostituunt.

499 1517 584 1552 vu.
602 1537 650 1543 —
664 1516 747 1552 Odo
762 1529 823 1551 rex
839 1519 858 1538 ⁸
876 1526 998 1552 contra
1013 1525 1152 1565 pyratas
1169 1518 1188 1538 ’
1203 1517 1393 1552 exercitum
1411 1517 1429 1538 ⁸
1445 1525 1556 1564 pant.

383 1621 476 1669 Sed
509 1620 727 1668 nonnulli
765 1621 898 1668 vario
930 1630 1101 1667 eventu
1133 1619 1299 1685 elapsi,
1338 1618 1556 1685 profugio
1585 1617 1749 1667 salvati

321 1709 445 1746 sunt.
484 1702 519 1746 Α
542 1699 715 1764 quibus
753 1698 870 1746 dum
910 1699 1272 1762 exagitarentur,
1311 1714 1422 1744 mox
1459 1696 1621 1743 Odoni
1653 1696 1750 1760 regi

322 1776 466 1824 relata
489 1777 634 1824 fuere.
663 1777 758 1834 Qui
782 1793 939 1823 rerum
964 1775 1288 1840 magnitudine
1312 1784 1487 1834 motus,
1513 1783 1767 1839 quotquot=

323 1871 381 1902 ex
400 1854 647 1919 Aquitania
676 1855 852 1919 potuit,
886 1854 1043 1902 edicto
1070 1854 1200 1918 regio
1234 1853 1510 1917 congregari
1530 1851 1751 1918 praeoepit

324 1932 495 1980 milites
511 1931 804 1998 peditesque.
827 1934 896 1978 Ex
910 1932 1146 1979 Provintia
1172 1947 1382 1996 quoque,
1398 1946 1503 1996 quae
1517 1927 1750 1978 Rhodano

325 2020 372 2057 et
391 2009 585 2076 Alpibus
603 2010 816 2073 marique
833 2025 888 2056 ac
904 2009 1174 2056 Gothorum
1194 2008 1367 2056 sinibus
1384 2008 1752 2073 circumquaque

326 2088 549 2148 ambitur,
579 2087 867 2135 Arelatenses
890 2103 946 2134 ac
970 2087 1279 2134 Aurasicanos
1303 2086 1492 2146 habuit,
1519 2083 1606 2134 sed
1628 2094 1677 2133 et
1693 2101 1751 2133 ex

326 2165 524 2226 Gothia,
555 2164 850 2212 Tholosanos
871 2173 1014 2229 atque
1038 2165 1362 2212 Nemausinos.
1390 2161 1574 2222 Quibus
1589 2161 1755 2211 colleo-

327 2245 402 2303 tis,
431 2243 661 2292 exercitus
683 2243 856 2308 regim,
883 2243 931 2290 in
957 2242 1124 2290 decem
1148 2242 1338 2290 milibus
1358 2241 1595 2307 equitum,
1622 2240 1755 2307 pedi-

330 2333 432 2371 tum
479 2337 594 2371 vero
634 2338 715 2368 sex
756 2318 945 2367 milibus
988 2329 1102 2367 erat.
1148 2318 1366 2368 Procedit
1417 2319 1577 2384 itaque
1619 2334 1756 2367 semis

330 2400 576 2459 Briddam,
605 2398 754 2447 sancti
789 2397 959 2445 Juliani
984 2397 1186 2445 martiris
1216 2406 1444 2455 castrum,
1481 2397 1570 2444 iter
1590 2411 1750 2462 agens.

328 2480 649 2543 sanctumque
664 2476 802 2541 regiis
815 2475 956 2523 donis
971 2485 1238 2535 veneratus,
1257 2474 1561 2522 Arvernicum
1578 2490 1754 2540 pagum

329 2555 604 2621 ingreditur.
646 2557 751 2603 Huc
774 2554 873 2618 jam
911 2553 1072 2600 hostes
1111 2551 1424 2611 advenerant,
1460 2569 1517 2600 ac
1547 2561 1754 2600 castrum

327 2634 459 2699 quod
485 2635 623 2682 Mons
646 2630 850 2679 Panchei
868 2630 1055 2691 dicitur,
1078 2629 1343 2679 vehementi
1367 2629 1620 2680 hostilitate
1647 2644 1754 2695 pre·

372 2763 392 2782 ⁸
419 2773 459 2803 x,
478 2772 584 2808 pyra,
601 2760 729 2795 rcitum
743 2759 879 2793 abscisa.
