1962 3262
348 285 428 327 23⁴
840 279 1058 326 mcussm
1089 283 1189 325 ΜΒ.
1221 284 1277 325 11.

350 386 373 409 «
401 373 634 431 potestas,
662 374 710 413 et
731 380 819 432 per
841 381 954 414 eum
970 364 1188 414 aecclesiae
1207 367 1424 415 Remensi
1449 365 1637 416 debitus
1658 382 1772 416 suus

351 464 374 488 α
404 443 675 492 restituatur
696 442 870 491 honor.
898 463 922 488 n

486 574 939 623 mxu-napata·
956 573 1118 610 Marini.
1134 572 1630 623 Romano‘aoelis‘legad’.

415 679 487 729 Ad
507 679 610 729 haec
624 679 833 728 domnus
850 679 1060 727 Marinus
1082 688 1254 727 sancta!
1277 680 1500 727 Romanae
1514 676 1776 727 aedisvica-

352 759 450 806 rius
472 776 482 805 :
515 777 538 803 «
568 758 778 824 Optime,
804 776 827 801 »ι
863 757 1033 822 inquit,
1057 775 1082 802 «
1103 765 1245 822 atque
1268 755 1443 805 utiliter
1466 756 1608 805 stater
1628 772 1686 805 ac
1701 772 1779 805 co-

265 883 267 885 ,
354 857 377 881 α
407 836 659 903 episcopus
690 834 942 883 Rotbertus
975 850 1136 883 rerum
1170 835 1340 883 seriem
1371 835 1562 884 tenuit:
1601 834 1778 883 etenim

354 939 377 962 «
407 934 520 965 cum
537 916 722 964 divinas
739 916 891 981 leges,
926 915 1148 964 humanis
1170 914 1556 983 praeponendas*
1543 932 1646 983 ipse
1673 931 1779 982 per-

355 1015 378 1039 «
403 1004 599 1054 noscat,
620 993 918 1041 considerata
935 1003 1094 1041 tamen
1119 1010 1279 1042 rerum
1295 993 1507 1053 fortuna,
1537 993 1672 1058 regiae
1695 991 1782 1040 do-

355 1093 379 1118 «
410 1072 684 1120 minationis
721 1072 974 1138 imperium
1013 1081 1124 1119 ante
1155 1070 1273 1119 dixit
1300 1068 1693 1149 restaurandum,
1733 1079 1784 1117 ut

356 1171 379 1195 α
409 1150 512 1215 ejus
538 1150 700 1215 vigore
738 1148 945 1210 firmato,
978 1149 1174 1215 ejusque
1206 1148 1418 1215 potentia
1447 1130 1624 1196 utiliter
1652 1147 1786 1197 resti·

356 1247 379 1272 α
410 1237 540 1287 tuta,
568 1227 669 1291 ejus
692 1236 803 1293 post
823 1225 1131 1288 liberalitate,
1166 1225 1473 1275 ecclesiarum
1507 1225 1598 1274 Dei
1625 1222 1787 1273 honor

356 1326 381 1350 «
410 1314 759 1370 consequenter
781 1315 1034 1366 recrescat,
1069 1305 1170 1370 ejus
1188 1304 1453 1371 patrocinio
1477 1312 1669 1369 agente,
1693 1302 1787 1350 vir·

357 1404 380 1428 «
411 1392 487 1431 tus
505 1382 647 1431 bonis
661 1382 931 1448 quibusque
945 1381 1121 1432 redeat.
1144 1381 1289 1442 Quod
1307 1391 1377 1442 ut,
1395 1384 1500 1430 Deo
1526 1390 1783 1440 annuente,

358 1482 382 1506 «
411 1460 516 1510 fieri
549 1470 694 1527 queat
708 1497 722 1521 ‚
754 1461 806 1508 in
829 1461 996 1527 primis
1023 1459 1261 1509 audienda
1293 1469 1438 1525 atque
1465 1458 1786 1508 suenuissime

357 1559 381 1583 a
404 1538 704 1606 disponenda
719 1537 908 1586 videtur
921 1554 1063 1587 causa
1076 1537 1244 1586 domni
1269 1553 1326 1586 ac
1343 1537 1627 1586 serenissimi
1642 1536 1781 1602 regis,

358 1643 381 1665 «
411 1621 451 1669 si
468 1620 518 1669 id
544 1637 738 1687 quoque
769 1620 910 1669 vestri
929 1619 1094 1686 judicii
1118 1620 1331 1687 paciatur
1352 1634 1567 1667 censura.
1588 1637 1612 1663 »
1637 1619 1787 1683 Syno-

358 1702 448 1750 dus
465 1702 582 1750 dixit
601 1721 612 1749 :
640 1723 663 1747 ι(
685 1701 925 1750 Audiatur.
952 1720 975 1745 »ι

359 1845 870 1893 LXXIll.—Conqne⁸tio”
897 1845 1122 1880 Ludovici„
1147 1844 1287 1891 regis”
1316 1842 1412 1892 apud
1437 1841 1789 1890 ottonemoegem0⁸

847 1904 1113 1940 etsinodum”
1129 1904 1295 1951 πτειν..

423 2021 557 2066 Tunc
574 2034 657 2065 rex
669 2017 953 2076 Ludovicus,
972 2016 1035 2064 ab
1058 2016 1249 2064 Ottonis
1263 2016 1386 2080 regis
1398 2014 1544 2063 latere
1557 2029 1755 2079 ungens
1772 2050 1787 2074 ,

360 2095 532 2144 stando
549 2095 780 2161 conqueri
814 2094 1159 2143 modestissime
1188 2092 1394 2160 petebat.
1433 2095 1491 2140 At
1515 2101 1707 2157 rogatus
1727 2090 1790 2139 ab

360 2174 534 2222 sinodo
562 2210 575 2233 ,
649 2171 924 2237 hujusmodi
990 2171 1201 2220 residens
1274 2170 1439 2219 effudit
1498 2168 1742 2235 querelam
1773 2188 1785 2217 z

365 2276 388 2300 «
414 2258 625 2314 Quanto,
648 2274 672 2299 »
693 2255 932 2320 inquiens,
955 2273 979 2299 «
1000 2253 1215 2318 Hugonis
1245 2253 1489 2312 instinctu,
1515 2260 1792 2317 quantoque

367 2354 391 2378 «
420 2333 523 2397 ejus
564 2332 773 2398 impulsu
810 2332 1039 2397 conqueri
1069 2347 1233 2396 cogor,
1272 2331 1400 2379 testis
1430 2339 1501 2378 est
1526 2329 1630 2390 ille,
1656 2327 1791 2393 cujus

365 2432 390 2457 «
411 2411 561 2477 gratia
582 2427 670 2459 vos
704 2410 783 2458 hic
814 2419 1124 2475 congregatos
1148 2409 1294 2476 paulo
1318 2419 1428 2458 ante
1465 2408 1667 2457 relatum
1700 2417 1785 2457 est.

368 2510 391 2534 «
424 2492 562 2538 Pater
595 2489 724 2554 ejuS,
755 2499 808 2536 ut
836 2505 864 2536 a
891 2488 1125 2555 principio
1150 2487 1386 2548 exordiar,
1426 2487 1549 2554 patri
1581 2503 1691 2536 meo
1720 2503 1792 2535 re·

369 2588 392 2613 «
421 2584 569 2633 gnum
597 2566 839 2626 invidens,
878 2566 997 2615 dum
1022 2566 1067 2615 ei
1091 2565 1226 2614 domi
1250 2564 1518 2632 militiaeque
1550 2564 1792 2614 servitium

419 2725 640 2815 ‘pou-⁵³⁰2,
681 2722 1040 2813 ,lhwdismtia'sc

415 2782 455 2800 ‘⁸
480 2780 542 2815 esti
544 2792 590 2822 o,
630 2737 787 2826 n5regis,
804 2792 868 2826 gen
967 2792 1015 2821 m,
1033 2781 1044 2813 i
1041 2736 1198 2813 “abacum
