1962 3262
323 267 398 307 198
800 267 1021 310 mcum!
1053 269 1155 311 Lm.
1187 268 1245 310 11.

318 364 630 413 cognoscem,
651 347 742 397 sub
756 360 1054 399 sacramento
1079 351 1318 399 minorem
1336 348 1511 415 dirigit,
1531 349 1761 414 maJorem

321 427 507 475 mittere
542 427 697 476 evinci
728 444 829 476 non
871 429 1036 490 valens
1061 448 1071 477 z
1099 446 1212 478 nam
1249 428 1349 477 duo
1386 438 1574 477 tantum
1605 438 1757 478 mut.

319 506 506 554 Minore
540 521 655 572 ergo
697 505 866 556 obside
898 507 1092 557 oblato·
1114 545 1127 568 ,
1166 507 1475 556 Not-tmannis
1510 523 1612 556 non
1650 506 1762 556 eatis

320 583 428 644 fuit3
456 584 688 650 majorem
712 585 978 635 admodum
1003 586 1269 654 petentes¹.
1306 585 1399 635 Sed
1430 586 1543 652 quia
1575 584 1632 633 iis
1655 585 1761 651 qui-

320 662 411 710 bus
435 661 623 712 fidelior
646 680 783 712 mens
807 665 977 725 inerat,
1008 665 1163 712 visum
1189 675 1259 713 est
1285 665 1423 730 regiae
1447 664 1607 731 stirpis
1628 662 1764 712 nobi-

320 740 498 789 litatem
532 758 673 807 posse
710 742 899 808 penitus
923 741 1128 802 absumi,
1162 742 1200 790 si
1234 741 1560 793 desertoribus
1594 757 1765 791 omnes

321 817 404 867 filii
418 836 531 867 cum
554 829 688 886 patre
713 829 981 880 teneantur,
1010 819 1061 868 id
1084 837 1186 869 sese
1209 837 1309 869 non
1334 820 1541 869 facturos
1563 836 1763 887 respon·

320 895 521 957 derunt3
543 897 782 946 minorem
802 908 988 947 tantum
1009 897 1224 957 daturos,
1252 908 1301 946 et
1322 915 1413 964 pro
1438 897 1620 963 majore
1637 914 1696 946 ex
1713 914 1765 947 se

322 975 435 1041 ipsis
466 992 820 1042 quemcumque
843 986 1009 1043 petant
1039 975 1336 1026 dimissuros,
1364 974 1628 1025 Widonem
1648 992 1764 1041 ergo

322 1055 605 1102 suessorum
631 1054 929 1120 episcopum,
957 1070 1102 1119 quem
1125 1054 1251 1102 inter
1273 1069 1443 1102 omnes
1464 1054 1764 1120 potissimum

323 1130 567 1193 videbant,
591 1142 837 1199 expetunt,
863 1149 920 1181 ac
939 1148 1030 1199 pro
1058 1131 1227 1180 obside
1248 1148 1359 1179 cum
1374 1131 1506 1197 regis
1529 1129 1629 1180 filio
1653 1132 1767 1180 reci·

324 1209 479 1277 piunt.
510 1213 606 1259 Rex
632 1212 792 1277 itaque
811 1210 1052 1270 dimissus,
1074 1227 1186 1258 cum
1212 1226 1241 1258 a
1264 1209 1389 1258 duce
1412 1210 1462 1257 in
1483 1225 1570 1258 sua
1592 1208 1766 1258 deduci

324 1298 590 1354 putaretur,
613 1288 676 1337 ab
699 1289 874 1338 eodem
899 1288 1121 1338 detentus
1138 1299 1227 1349 est,
1254 1305 1310 1336 ac
1331 1285 1601 1337 Teutboldo
1619 1289 1769 1335 Turo-

326 1368 436 1416 nico
468 1368 810 1417 custodiendus
840 1368 1110 1435 deputatur.
1159 1367 1298 1416 Unde
1340 1377 1388 1415 et
1418 1365 1767 1415 manifoetatum

326 1445 430 1507 fuit,
459 1447 597 1512 regiae
623 1447 759 1495 lineae
779 1446 944 1507 decus,
971 1447 1020 1493 in
1043 1445 1381 1512 absumptione
1403 1445 1551 1512 patris
1580 1454 1630 1493 et
1652 1443 1770 1492 filio-

329 1542 461 1586 rum,
482 1526 671 1592 penitus
689 1526 883 1575 abolere
915 1526 1159 1574 tirannum
1177 1523 1400 1571 voluisse.
1440 1525 1507 1570 Re
1531 1531 1693 1571 autem
1716 1521 1767 1569 in

330 1606 625 1653 eontrarium
642 1605 804 1666 ducta,
824 1621 950 1653 unus
974 1613 1160 1652 tantum
1175 1602 1192 1627 ⁸
1212 1601 1334 1667 regis
1355 1599 1480 1648 filius
1497 1616 1525 1647 a
1546 1599 1768 1667 captione

330 1682 575 1750 superfuit.

333 1918 667 1962 xum—omn
694 1926 730 1953 et
754 1915 964 1953 Edmnndm
989 1927 1087 1963 nege·
1110 1913 1502 1958 ’,Germanorum’et
1529 1909 1770 1959 Mdoenm’,

738 1973 775 2009 in
798 1973 926 2009 ducem
946 1972 1043 2021 pro’
1066 1983 1146 2019 rege
1163 1978 1362 2006 moventur.

400 2087 547 2152 Cujus
564 2087 632 2135 rei
656 2085 879 2135 ordinem
901 2086 916 2110 ⁴
943 2085 1105 2151 regina
1124 2101 1237 2132 mox
1252 2100 1341 2150 per
1356 2082 1536 2148 legatos
1558 2089 1774 2129 oratooes

335 2164 594 2214 Edmundo
627 2165 889 2231 Anglorum
920 2164 1183 2229 Ottonique
1210 2159 1670 2210 Transrhenensium
1702 2174 1774 2207 me·

334 2244 471 2311 gibus
494 2243 673 2293 indioet
685 2281 698 2305 ,
729 2261 786 2292 ac
802 2260 947 2311 super
961 2243 1058 2291 hoc
1075 2241 1399 2308 gravissimam
1424 2236 1775 2305 querimoniam

335 2322 500 2372 litteris
512 2322 726 2371 habitam
744 2323 902 2371 mittit.
926 2325 1041 2370 Otto
1067 2321 1189 2387 regis
1213 2336 1268 2368 ac
1291 2317 1469 2367 sororis
1491 2331 1657 2364 casum
1685 2313 1773 2362 do-

336 2402 464 2463 lens,
500 2418 592 2469 pro
623 2402 920 2450 restitutione
945 2401 1067 2466 regis
1081 2436 1094 2460 ‚
1127 2397 1317 2472 Hugoni
1347 2413 1460 2444 mox
1486 2394 1774 2460 legationem

387 2566 400 2582 ⁸
428 2561 481 2605 O,
497 2574 540 2609 g,
556 2573 601 2604 n,
618 2573 650 2604 r,
668 2573 711 2608 pr
725 2574 765 2595 es
780 2562 916 2606 conjece.

387 2617 560 2653 ‘daton

384 2674 400 2694 ¹
424 2675 669 2721 quamne-¹.

386 2731 400 2750 ¹
426 2732 474 2764 ita
495 2742 580 2764 corr.

388 2791 400 2810 ⁸
429 2793 510 2833 Quoe
525 2799 713 2838 sequuntur,
728 2791 850 2838 passim
872 2802 892 2823 a
915 2789 1088 2822 Tn'eloemio
1105 2800 1125 2820 a
1142 2788 1212 2821 946
1230 2787 1391 2832 exscripta
1408 2792 1495 2817 sunt.
