1962 3262
303 272 384 310 222
808 268 1029 311 menum
1060 268 1160 310 mn.
1195 269 1251 309 11.

299 349 582 399 Tetbaldum
599 366 731 415 ergo,
747 351 1038 399 Suessonieae
1054 349 1273 399 eeclesiae
1282 349 1567 413 diaconum,
1583 367 1737 402 ωου-

302 430 378 488 sit,
400 428 813 495 presbiterumque
836 428 1044 491 ordinat,
1075 445 1132 477 ac
1154 439 1281 496 post,
1309 427 1433 478 duce
1448 420 1634 496 agente,
1654 442 1738 481 ωο-

301 503 452 556 clesiae
461 507 846 556 Ambianensium
864 508 1142 575 episcopum
1155 517 1321 578 suerat.
1336 510 1389 555 In
1408 521 1505 573 qua
1518 507 1740 558 refavere

301 587 431 635 visus
462 596 534 635 est
566 586 712 635 wido
743 596 929 634 tantum
954 588 1237 635 suessorum
1268 587 1536 655 episcopus.
1567 589 1739 654 ‚Quem

303 666 416 731 quia
442 675 552 732 post
575 665 777 731 penituit
799 665 1047 730 sequentia
1068 664 1480 714 demonstrabunt.
1507 665 1602 715 Sed
1621 676 1739 717 tan-

305 759 396 808 pus
409 742 718 808 colloquendi
744 742 931 807 regibus
946 741 1140 791 advenit
1152 778 1167 803 ,
1194 734 1251 791 a'c
1266 759 1403 792 secus
1420 744 1621 793 fluvium
1650 746 1741 793 Ka·

306 836 409 867 ram
434 819 523 868 sibi
548 829 822 868 occurrunt.
855 823 951 868 Nec
976 819 1126 868 defuit
1145 820 1243 870 dux
1258 856 1271 881 ,
1303 822 1387 887 qui
1413 832 1462 870 et
1488 822 1588 888 ipse
1607 821 1741 889 apud

307 897 664 946 Duodeciacum
683 898 844 946 vicum
868 908 1020 946 castra
1038 898 1162 959 fixit,
1183 908 1238 947 ut
1252 915 1344 965 pro
1361 909 1536 967 nepote
1549 916 1742 950 causam

306 975 437 1041 apud
463 976 714 1042 episcopos
738 986 909 1041 ageret.

311 1224 422 1258 va.
436 1242 485 1250 —
497 1223 575 1256 Dux
588 1225 607 1244 ⁶
626 1222 769 1256 enititur
797 1222 864 1256 ιιι·
891 1234 993 1257 causa
1005 1224 1025 1244 ’
1050 1234 1118 1272 pro
1132 1235 1196 1257 suo
1221 1231 1349 1271 nepote
1361 1223 1382 1246 ‘
1408 1223 1506 1272 apud
1529 1224 1714 1274 Μ’
1723 1225 1743 1247 ·

379 1381 581 1447 Regibus
597 1382 757 1446 itaque
772 1397 934 1429 rerum
952 1380 1142 1446 negotia
1157 1381 1423 1447 agentibus,
1444 1382 1542 1432 dux
1555 1400 1748 1434 cunam

314 1458 501 1526 nepotis
524 1460 759 1526 episcopis
782 1458 1089 1526 disponebat,
1117 1477 1265 1527 penes
1282 1477 1406 1527 quos
1429 1461 1749 1531 etiam-pluri-

315 1555 445 1586 mam
467 1537 675 1586 habebat
697 1537 1071 1603 indignationem
1086 1575 1100 1599 ,
1130 1539 1303 1604 injuste
1326 1550 1375 1589 et
1396 1534 1750 1595 nullis'eviden·

312 1617 441 1665 tibus
470 1616 621 1683 culpis
655 1626 882 1683 nepotem
914 1618 1254 1685 praecipitatum
1285 1633 1572 1668 memorans.
1601 1619 1747 1679 Quod

315 1711 428 1743 cum
451 1693 713 1742 indicatum
732 1694 920 1759 regibus
940 1706 1084 1756 esset,
1113 1698 1292 1746 Ottone
1317 1708 1486 1763 agente
1503 1698 1749 1748 demetam

318 1782 410 1833 est,
431 1782 485 1820 ut
499 1771 566 1819 ibi
582 1771 645 1819 ab
659 1771 893 1838 episeopis
909 1788 1052 1822 causa
1066 1774 1248 1823 Artoldi
1262 1786 1405 1841 atque
1419 1777 1634 1842 Hugonia
1654 1777 1751 1827 diu-

318 1860 584 1910 cuteretur,
614 1850 679 1898 ita
706 1859 866 1899 tamen
892 1860 947 1899 ut
971 1862 1019 1900 et
1042 1851 1141 1900 dux
1169 1862 1386 1919 tempore
1411 1871 1627 1921 congruo
1651 1854 1751 1929 1·εεί

320 1928 619 1977 satisfaceret.
654 1928 899 1995 Episcopis
930 1929 1089 1995 itaque
1114 1931 1349 1980 rationem
1378 1921 1748 2000 excipientibus,

320 2022 433 2053 cum
458 2006 581 2053 inter
602 2004 807 2071 plurima
823 2022 930 2071 quae
944 2005 1010 2054 ibi
1033 2007 1262 2074 explicata
1276 2019 1387 2057 sunt
1399 2009 1516 2058 illud
1532 2014 1753 2075 comba-

321 2084 497 2131 tissime
528 2082 816 2142 refutarent,
858 2084 992 2151 quod
1024 2088 1194 2151 Hugo,
1235 2087 1502 2137 sacerdotio
1521 2089 1751 2159 privam,

323 2171 490 2209 contra
505 2161 574 2208 fas
588 2119 974 2210 Ambianensium
990 2164 1266 2231 episcopum
1283 2166 1567 2228 otdinasset,
1588 2163 1755 2233 rqutn

324 2238 556 2286 sententia
574 2238 621 2285 in
640 2237 780 2286 aliam
804 2239 1029 2288 sinodum
1052 2241 1327 2305 hujusmodi
1351 2245 1585 2293 rationem
1607 2256 1757 2295 unna-

326 2314 570 2363 ferendam
601 2316 859 2365 constituit.
891 2317 1152 2366 Videbatur
1174 2321 1348 2369 etenim
1361 2357 1377 2382 ,
1408 2321 1542 2387 quod
1569 2338 1670 2372 non
1693 2322 1757 2372 ad

325 2393 595 2458 aequitatem
619 2394 731 2441 satis
763 2395 1019 2444 commode
1047 2392 1149 2445 h'aec
1180 2398 1421 2447 altercatio
1451 2399 1757 2450 determinari

326 2471 528 2533 valeret,
556 2488 667 2523 cum
693 2488 782 2520 nec
808 2473 1005 2523 sinodus
1028 2474 1091 2523 ad
1106 2475 1200 2524 hoc
1214 2487 1477 2525 convocata
1494 2478 1669 2528 finisset.
1698 2480 1758 2527 Et

324 2550 520 2600 decreto
535 2550 683 2616 regie,
707 2555 767 2601 45
784 2552 983 2602 Kalend.
1000 2555 1250 2618 Decemb.,
1270 2555 1494 2606 habenda
1510 2556 1760 2608 denunti!-

379 2748 396 2763 ·
424 2745 476 2777 Du
490 2771 499 2784 ‚
518 2754 553 2777 nt
566 2772 574 2785 ,
596 2758 634 2785 r,
656 2759 743 2792 nvp,
761 2747 926 2794 episeopo
940 2748 1076 2783 abscisa.
