1962 3262
339 302 420 341 252
837 300 1060 342 menam
1093 301 1192 343 Lm.
1226 302 1281 343 ll.

335 381 562 430 immunis
589 397 618 430 a
656 382 857 431 crimine
887 382 1136 450 reperitur.
1184 382 1325 432 Ass‘uit
1369 400 1484 433 vero
1516 386 1784 437 humari

338 462 671 511 Noviomensis
694 464 908 531 episcopi
931 463 1137 530 legatus,
1159 464 1385 514 silvester
1407 465 1659 532 presbiter,
1685 468 1786 537 epi-

338 558 542 609 scopum
559 558 702 590 suum
726 551 857 590 tanta
889 543 937 591 vi
966 542 1170 592 febrium
1205 542 1455 592 detentum
1473 560 1709 608 asserens,
1731 556 1785 596 ut

337 619 400 668 ad
436 619 665 669 sinodum
702 620 865 668 venire
897 621 1164 687 nequiverit
1182 657 1197 682 ,
1235 620 1369 687 quod
1405 622 1551 671 etiam
1583 622 1635 673 in
1671 639 1786 674 con-

339 708 506 764 spectu
533 697 692 747 sinodi
709 697 906 747 testibus
921 698 1222 766 approbavit.
1245 703 1359 748 Post
1376 699 1478 749 hae‘c
1494 700 1710 768 episcopi
1732 701 1784 751 in

341 793 428 824 sua
441 776 727 825 referuntur.
756 778 976 825 Domnus
994 794 1107 826 vero
1123 777 1333 826 Marinus
1347 813 1361 838 ,
1397 777 1459 826 ab
1477 780 1657 829 Ottone
1673 796 1784 846 rege

340 871 429 921 per
451 853 632 919 legatos
658 864 853 920 rogatus
866 890 880 915 ,
919 855 969 902 in
994 864 1152 922 partes
1175 856 1442 906 Germanioe
1469 857 1671 919 secedit,
1700 856 1787 907 ibi·

341 949 437 999 que
453 932 713 982 aecclesiam
731 932 985 981 Vuldensis
1003 935 1279 984 monasterii
1301 934 1516 997 dedicat,
1542 945 1608 997 et,
1625 935 1786 986 hieme

342 1017 505 1055 exacta
518 1043 532 1069 ,
567 1009 770 1055 Romam
788 1007 927 1057 redit.
969 1009 1051 1056 His
1085 1008 1304 1076 expletis,
1334 1009 1581 1059 Rodulfus'
1600 1011 1785 1060 Laudu·

343 1085 504 1133 nensis
539 1085 793 1152 episcopus
808 1123 821 1145 ‚
873 1085 1042 1134 ultimo
1076 1087 1293 1152 corporis
1316 1086 1487 1136 dolore
1509 1086 1780 1147 confectus,

342 1162 435 1211 hac
450 1164 546 1212 vita
570 1163 774 1212 decedit.
808 1164 1029 1212 Succedit
1055 1165 1099 1212 ei
1123 1181 1239 1213 vero
1265 1165 1407 1214 frater
1430 1166 1554 1232 regis
1585 1181 1644 1215 ex
1669 1181 1784 1216 oon—

342 1241 519 1291 cubina
535 1242 707 1290 Rorico
721 1278 735 1303 ‚
757 1243 893 1290 omni
908 1259 1069 1291 renim
1092 1244 1288 1292 scientia
1313 1243 1518 1293 inclitus.

535 1454 743 1491 Imm.
761 1474 810 1484 -—
824 1456 901 1492 Rex
916 1456 1079 1493 cohorte·
1093 1456 1297 1493 mosomum
1312 1457 1418 1494 mittit
1431 1465 1467 1494 et
1482 1458 1590 1508 capit.

409 1549 612 1623 Interea,
625 1563 832 1610 exercitu
842 1578 900 1611 ex
916 1562 1053 1610 omni
1067 1561 1254 1628 Belgica
1271 1561 1402 1611 duce'
1410 1561 1636 1611 Conrado
1652 1562 1783 1630 apud

346 1655 507 1704 regem
524 1640 744 1701 collecto,
767 1650 862 1689 tres
885 1640 1127 1700 cohortes,
1150 1656 1260 1706 rege
1273 1639 1490 1705 jubente,
1511 1641 1784 1688 mosomum

346 1718 615 1767 mittuntur.
661 1722 971 1785 Compei-erat
1000 1719 1179 1767 etenim
1217 1721 1470 1783 Hugonem
1510 1716 1783 1767 abdicamm

345 1794 525 1845 ibidem
543 1797 781 1846 reclusum
794 1833 807 1857 ‚
837 1796 1080 1862 multaque
1113 1796 1181 1844 rei
1216 1796 1431 1844 militaris
1468 1795 1632 1863 inopia
1671 1811 1784 1845 eum

346 1873 528 1923 haberi.
550 1874 784 1924 Cohortes
801 1891 916 1940 ergo
931 1873 1167 1941 oppidum
1194 1875 1245 1946 iq
1270 1875 1375 1942 ipso
1400 1873 1682 1942 crepusculo
1710 1890 1786 1941 ag-

346 1969 541 2017 gressae,
585 1954 834 2020 repentina
868 1953 1228 2020 oppugnatione
1268 1953 1642 2019 circumquaque
1672 1952 1788 2002 infe-

347 2041 497 2092 stant,
534 2033 712 2080 instant
742 2047 938 2098 quoque
962 2031 1326 2097 magnanimiter
1359 2048 1547 2098 capere.
1582 2033 1643 2079 Et
1672 2031 1786 2097 quia

348 2126 513 2158 revera
550 2109 723 2158 milites
757 2110 1068 2177 paucissimos
1105 2126 1335 2176 armaque
1370 2110 1448 2158 vix
1482 2109 1641 2175 aliqua
1672 2110 1787 2159 scie-

349 2187 489 2247 bant,
529 2188 853 2236 indesinenter
876 2188 999 2236 vires
1031 2197 1230 2236 exerunt
1260 2187 1502 2252 armisque
1532 2185 1784 2252 adurgent.

349 2269 409 2315 At
430 2266 533 2315 aliis
559 2266 759 2332 fatigatis
790 2266 869 2314 alii
887 2266 1050 2314 intacti
1068 2265 1349 2314 succedunt.
1378 2266 1577 2331 Sicque,
1602 2264 1706 2313 sine
1722 2264 1793 2312 in·

351 2348 650 2397 termissione
663 2384 676 2408 ,
705 2348 1015 2414 paucissimos
1041 2348 1286 2396 numerosi
1305 2356 1529 2395 atterunt.
1548 2344 1790 2414 Oppidani

352 2443 468 2475 vero
492 2426 683 2475 assidua
701 2427 1052 2492 expugnatione
1079 2426 1246 2484 attriti,
1276 2426 1354 2473 die
1383 2425 1530 2473 altera
1557 2425 1658 2489 jam
1689 2424 1791 2473 sole

352 2505 557 2553 occiduo
581 2521 751 2552 omnes
769 2521 880 2551 cum
899 2503 1101 2552 domino
1120 2503 1183 2552 ad
1207 2503 1502 2551 deditionem
1532 2512 1785 2569 coguntur.

351 2587 404 2630 ln
423 2599 522 2649 quo
547 2582 782 2642 tumultu,
810 2598 910 2647 quo
928 2598 1100 2646 genere
1125 2581 1244 2646 fugae
1271 2581 1496 2639 nescitur,
1535 2583 1677 2646 Hugo
1708 2579 1791 2629 ab-

351 2661 536 2709 dicatus
559 2660 734 2709 evadit.
757 2662 828 2708 De
847 2659 1074 2708 militibus
1094 2676 1210 2708 vero
1235 2659 1317 2725 qui
1343 2659 1556 2725 potiores
1567 2658 1792 2709 videban-

353 2746 447 2795 tur,
471 2739 741 2806 capiuntur,
769 2755 825 2786 ac
851 2737 1034 2804 oppido
1064 2737 1184 2787 alliis
1222 2737 1477 2804 deputatis,
1515 2737 1613 2804 regi
1640 2736 1790 2787 dedu-

351 2827 539 2864 cuniul'.
