1962 3262
328 234 380 276 2⁴
822 235 1043 279 menam
1072 236 1172 278 Lm.
1206 237 1240 277 1.

326 314 499 363 sidiose
525 316 573 363 in
597 315 769 365 abditis
788 317 1037 377 latuerant,
1058 334 1116 366 ex
1134 317 1331 383 obliquo
1349 321 1531 367 viarum
1554 320 1747 370 ἰπιιαυ.

326 392 421 450 Qui
438 409 549 441 cum
566 394 761 459 gradivo
777 396 961 444 incessu
979 397 1373 462 propinquarent,
1389 413 1633 447 armorum
1648 397 1755 448 lune

326 468 389 518 ab
419 469 804 522 observatoribus
831 473 1007 538 cogniti
1035 483 1172 534 sunt3
1204 474 1423 540 factoque
1459 476 1594 540 signo
1629 490 1758 525 αα*

326 547 448 595 citus
470 548 520 596 in
544 566 696 598 unum
718 550 856 599 redit.
889 553 986 599 Rex
1010 550 1161 599 multo
1190 551 1350 619 plures
1380 553 1604 602 advenire
1637 552 1759 603 arbi-

328 634 499 687 tratus,
523 643 636 675 suos
649 627 867 676 bortatur
881 628 1146 695 stipatores,
1165 639 1219 678 ut
1240 631 1423 697 priores
1437 631 1759 680 animosresu-

329 713 484 764 mant‚
511 704 661 752 immo
685 715 733 753 et
756 721 856 753 non
879 706 1124 754 amittant:
1153 706 1298 756 decus
1322 725 1412 775 pro
1436 709 1586 775 patria
1607 709 1754 772 mori,

328 783 663 848 egregiumque
697 799 787 848 pro
826 782 1192 832 christianorum
1231 785 1506 835 defensione
1555 802 1759 854 corpora

331 860 473 907 morti
514 859 629 908 dare
645 895 658 920 ,
704 859 864 908 multis
902 861 1202 910 sermonibus
1238 879 1466 912 asserens.
1520 864 1760 913 Exercitus

331 939 489 1002 itaque
512 937 761 998 densatus,
790 938 898 986 lieet
920 939 1169 987 anterioris
1191 939 1302 988 belli
1319 940 1595 993 vulneribus
1617 958 1755 1006 aeger,

334 1024 491 1062 tamen
516 1013 739 1064 obvenire
765 1032 862 1064 non
887 1015 1081 1064 distulit.

387 1879 452 1914 IX.
468 1898 517 1907 —
534 1881 621 1926 lngo
635 1891 679 1914 ex
695 1878 928 1915 mediocribus
945 1880 1057 1915 etim*
1074 1881 1164 1928 regis
1179 1880 1311 1927 signo’
1327 1880 1458 1915 bellum
1480 1878 1719 1927 ingredhnr‘.

404 2004 462 2049 Et
497 2017 609 2050 cum
631 2003 885 2066 agitaretur
907 2003 1014 2067 quis
1038 2003 1218 2067 regium
1258 2003 1446 2067 signum
1473 2001 1680 2062 effer-ret,
1710 2017 1770 2051 eo

339 2080 472 2145 quod
490 2081 540 2127 in
559 2090 689 2128 tanta
714 2079 948 2129 nobilium
972 2097 1118 2128 manu
1142 2079 1300 2128 nullus
1317 2081 1419 2127 sine
1434 2078 1631 2128 vulnere
1646 2078 1772 2127 vide-

338 2158 478 2206 batur
514 2158 659 2223 idque
682 2174 851 2206 omnes
888 2158 1140 2216 evitarent,
1175 2175 1203 2206 e
1227 2157 1387 2206 medio
1410 2145 1629 2205 omnium
1653 2159 1771 2223 lngo

338 2235 540 2303 prosilit,
561 2251 617 2283 ac
635 2235 886 2283 militatum
902 2251 1004 2290 ωε
1028 2235 1248 2295 offerens,
1279 2234 1604 2302 inperterritus
1620 2233 1767 2283 dixit:

340 2315 439 2379 Ego
465 2330 526 2359 ea:
562 2312 891 2371 mediocribus,
924 2316 1046 2380 regis
1072 2331 1216 2380 agaso
1232 2351 1246 2371 ,
1268 2315 1314 2360 si
1341 2312 1577 2378 majorum
1606 2312 1778 2360 honori

341 2407 439 2438 non
464 2389 731 2457 derogatur,
758 2393 946 2456 signum
973 2394 1151 2457 regium
1173 2408 1266 2456 per
1292 2391 1493 2439 lzoetium
1509 2392 1635 2437 acies
1658 2389 1774 2454 esse-

343 2485 465 2516 ram.
501 2472 600 2518 Nec
616 2467 872 2533 fortunam
910 2468 1022 2517 belli
1051 2468 1317 2535 ambiguam
1360 2484 1634 2532 expavesco,
1668 2484 1775 2515 cum

340 2546 488 2593 semel
497 2564 573 2593 me
586 2549 867 2595 moriturum
881 2564 1118 2612 cogtwsoo.
1142 2546 1213 2594 Ad
1229 2546 1330 2593 haec
1344 2545 1454 2592 Odo
1472 2561 1554 2592 rex
1573 2562 1584 2590 z
1602 2548 1775 2593 Nostro

342 2624 497 2688 inquit
519 2623 662 2681 dono,
701 2641 758 2670 ac
781 2627 1056 2690 principum
1077 2624 1308 2672 volutante
1329 2621 1530 2688 signfir
1545 2632 1658 2672 esm-
1692 2619 1775 2670 Ille

396 2754 412 2769 ⁹
438 2751 515 2785 ibus
531 2763 631 2794 cum,
649 2763 696 2784 no
707 2777 716 2793 ,
734 2763 794 2798 gre
809 2751 945 2785 abscisa.
