1962 3262
376 274 447 314 ΠΜ
861 274 1078 317 melu-:m
1112 276 1210 317 LlB.
1246 276 1300 316 11.

369 355 492 419 peris
512 355 683 413 ventis,
708 356 877 422 raptim
896 357 957 404 ad
983 367 1156 405 terram
1174 358 1356 406 devecti
1374 367 1497 405 sunt.
1524 356 1800 406 Adelstanus

369 450 446 480 rex
473 434 520 480 in
541 432 710 481 urbem
735 451 842 499 quae
865 434 1038 483 dicitur
1065 436 1291 495 Eut-vich,
1326 451 1579 500 regnorum
1613 435 1799 500 negotia

365 527 475 559 cum
501 521 675 578 nepote
708 512 950 560 Ludovico
976 514 1105 580 apud
1135 531 1247 562 suos
1279 513 1578 580 disponebat.
1612 515 1716 561 Huc
1737 511 1802 561 Ιε-

365 591 457 653 gati
491 590 795 639 devenientes
812 627 824 650 ,
860 608 1019 656 regem
1050 591 1262 651 adeunt,
1290 608 1346 640 ac
1376 608 1401 639 a
1427 591 1549 640 duce
1575 590 1802 656 magnati·

367 667 549 734 busque
572 668 820 716 Gallorum
846 668 1071 718 decenter
1095 670 1406 718 salutantur‘.

402 810 468 844 111.
485 829 531 836 —
545 810 717 856 Legatio'
734 809 947 844 Gallorum·
970 809 1015 845 ad
1035 809 1262 845 Adebtanum
1278 812 1299 832 ·
1318 822 1435 857 regem
1456 821 1522 857 pro
1539 808 1767 844 haimino..

433 907 735 971 legationem
753 907 895 955 etiam
914 907 1300 973 promulgantes:
1332 928 1355 952 a
1376 908 1537 968 Ducis,
1559 907 1798 973 inquiunt,

368 1007 388 1028 u
416 984 762 1044 benivolentia,
790 995 932 1051 atque
968 986 1187 1034 omnium
1211 985 1293 1050 qui
1326 985 1375 1033 in
1404 985 1566 1034 Galliis
1591 985 1803 1052 potiores

368 1084 389 1106 «
415 1073 550 1123 sunt,
578 1062 675 1110 huc
695 1079 782 1129 per
809 1063 963 1111 undas
989 1064 1139 1128 ignoti
1164 1063 1307 1111 maris
1330 1062 1609 1111 devenimus
1632 1081 1643 1110 t
1673 1072 1802 1111 tanta

367 1162 389 1184 u
414 1151 484 1189 est
507 1142 727 1189 omnium
750 1141 993 1202 voluntas,
1024 1142 1339 1206 omniumque
1368 1157 1644 1190 consensus.
1672 1140 1802 1189 Divae

367 1241 389 1263 «
414 1221 657 1268 memoriae
675 1219 693 1244 ²
724 1219 928 1267 Rodulfo
953 1219 1059 1268 orbi
1084 1219 1349 1278 subtractO,
1383 1218 1480 1266 dux
1507 1217 1802 1268 Ludovicmn

367 1318 388 1340 ιι
414 1297 667 1346 succedere
695 1298 993 1364 procuravit,
1027 1314 1139 1345 cum
1165 1296 1215 1344 id
1243 1295 1380 1344 multi
1409 1296 1542 1343 inviti
1571 1294 1803 1344 concede-

367 1396 389 1418 «
414 1385 520 1422 rent
542 1391 601 1423 eo
627 1374 760 1440 quod
785 1374 846 1423 de
869 1375 1017 1442 patris
1041 1375 1263 1442 captione
1292 1374 1443 1422 filium
1468 1372 1591 1422 adeo
1614 1389 1804 1440 suspec-

367 1474 387 1495 «
414 1462 515 1500 tum
543 1452 790 1501 haberent.
822 1456 1039 1502 Attamen
1068 1452 1179 1501 duci
1209 1451 1472 1500 elaboranti
1501 1451 1552 1499 id
1570 1450 1633 1500 ab
1649 1451 1804 1500 omni·

366 1551 389 1575 «
413 1530 502 1578 bus
541 1530 887 1595 jocundissime
937 1547 1217 1579 conoessum
1269 1540 1356 1579 est.
1405 1529 1648 1578 Ludovioo
1688 1545 1803 1594 ergo

366 1630 388 1653 «
413 1626 582 1657 omnes
624 1609 749 1657 bene
779 1625 866 1676 per
889 1609 1053 1657 omnia
1091 1618 1286 1674 optant3
1320 1624 1409 1655 nec
1433 1606 1521 1655 sibi
1545 1606 1801 1672 quicquam

366 1707 389 1731 α
413 1687 565 1751 majus
594 1697 676 1735 aut
700 1687 855 1735 carius
878 1696 951 1736 est
973 1687 1075 1751 ejus
1099 1685 1264 1733 salute.
1296 1685 1433 1733 Illum
1458 1686 1618 1750 itaque
1634 1700 1804 1732 omnes

367 1785 390 1807 α
413 1763 548 1812 reddi
566 1774 757 1831 petunt,
774 1781 922 1830 quem
937 1764 987 1812 in
998 1764 1161 1813 Galliis
1179 1764 1353 1812 utiliter
1371 1779 1567 1829 regnare
1584 1762 1798 1829 cupiunt.

367 1862 391 1887 «
411 1845 618 1909 Tempus
641 1841 865 1891 constitui
889 1841 1082 1903 volunt,
1112 1859 1210 1908 quo
1236 1852 1491 1907 regnaturo
1507 1840 1571 1889 ad
1587 1841 1689 1908 ipsa
1705 1856 1804 1889 ma·

368 1942 390 1964 «
416 1921 478 1968 ris
503 1913 643 1968 litora
665 1920 764 1968 dux
785 1936 899 1968 cum
921 1919 1216 1988 principibus
1226 1930 1459 1968 occurrat.
1476 1940 1500 1964 »
1524 1918 1804 1968 Adelstanus

369 2016 466 2059 rex,
500 1999 594 2046 acsi
622 1997 836 2047 barbaris
853 2013 954 2046 non
971 1999 1083 2047 satis
1107 1998 1307 2047 credens
1323 2036 1335 2059 ‚
1363 1998 1425 2046 ab
1452 1999 1520 2046 eis
1544 1996 1690 2046 fidem
1717 2013 1806 2064 per

365 2085 660 2124 sacramenta
699 2093 842 2143 super
868 2075 964 2124 hoc
996 2077 1163 2142 quaerit
1177 2114 1191 2137 ‚
1234 2087 1282 2125 et
1315 2076 1377 2124 ad
1407 2085 1573 2124 votum
1597 2075 1767 2141 accipit
1785 2093 1804 2135 ς.

367 2163 554 2219 tempus
587 2169 781 2218 quoque
806 2152 1032 2219 colloquii
1058 2153 1267 2202 habendi
1294 2153 1526 2202 statuitur.
1556 2152 1712 2217 Legati
1741 2150 1803 2200 ab

338 2281 343 2289 ,
369 2249 476 2296 rege
506 2231 740 2279 munerati
763 2241 906 2297 atque
933 2231 1153 2297 digressi,
1176 2233 1224 2279 in
1242 2230 1416 2279 Gallias
1439 2230 1556 2278 mari
1581 2246 1802 2279 remenso

370 2309 594 2368 redeunt,
613 2308 675 2357 ab
700 2326 809 2374 rege
836 2309 1015 2374 gracias
1043 2309 1154 2357 duci
1186 2309 1437 2358 referentes
1454 2345 1467 2367 ,
1491 2324 1547 2356 ac
1569 2325 1660 2375 pro
1681 2308 1809 2374 regis

368 2388 562 2436 creandi
578 2388 893 2436 advocatione
909 2388 1108 2436 multam
1123 2388 1224 2452 ejus
1238 2387 1491 2435 amicitiam
1507 2386 1798 2453 pollicentes,

368 2470 474 2514 Dux
492 2467 651 2531 itaque
665 2482 776 2514 cum
793 2466 1053 2515 Galliarum
1069 2465 1362 2532 principibus
1385 2466 1621 2514 domnum
1645 2482 1805 2530 regem

369 2535 638 2612 excepturi,
678 2533 939 2593 Bononiam
973 2545 1189 2603 veniunt,
1218 2561 1272 2591 ac
1299 2561 1432 2591 secus
1464 2545 1586 2610 ipsas
1616 2543 1805 2593 litoreas

427 2682 435 2689 ·
468 2675 521 2714 io,
545 2687 643 2715 rum,
667 2686 794 2715 anum,
814 2673 941 2708 donico
961 2689 997 2707 es
1022 2676 1156 2719 conject.

422 2731 429 2748 ¹
460 2731 605 2764 sal-nam
623 2743 710 2763 corr.

420 2789 433 2806 ’-“
463 2788 492 2819 D
533 2788 581 2820 M.
607 2787 720 2819 rosh-1.
