1962 3262
336 272 418 313 210
814 270 1036 314 menam
1066 272 1165 313 Lm.
1201 272 1257 314 ΙΙ.

339 354 523 413 subire,
563 352 780 402 habitum
815 353 1066 411 militarem
1116 354 1166 402 in
1202 355 1508 420 peregrinum
1550 356 1774 406 trumba-

339 442 548 492 mantes‚
568 448 701 497 reges
716 442 1055 498 prevenerant,
1086 431 1472 481 obsecrationum
1495 444 1607 483 vota
1630 435 1775 485 simu-

338 510 488 558 lantes
507 511 544 557 ⁰.
583 509 817 576 Sportulis
845 511 1005 575 itaque
1033 509 1095 558 ab
1120 510 1325 559 humero
1355 512 1738 580 dependentibus
1755 551 1769 575 ,

338 590 519 637 serratis
554 588 736 637 baculis
770 588 1055 655 procedunt.
1091 588 1411 656 Habitumque
1435 592 1622 640 mentiti
1642 608 1775 660 pere·

335 668 524 731 grinum
541 704 554 728 ,
588 666 756 715 urbem
791 666 1020 714 Par-isium
1053 683 1165 714 cum
1182 668 1402 733 Sequana
1427 669 1774 739 pontibusper·

338 755 598 794 transeunt.
635 744 801 793 Nullus
833 745 900 792 eis
931 743 1159 792 molestus
1188 746 1363 807 extitit3
1391 763 1446 795 ac
1472 747 1612 797 litora
1648 759 1773 799 exte

335 825 462 872 riora
510 822 684 889 quibus
734 838 879 870 naves
927 822 1213 871 tenebantur
1267 834 1453 891 petunt.
1504 827 1677 895 Sicque
1721 828 1772 877 fn

336 902 595 968 hospitium
621 900 827 948 farinarii
845 899 1093 964 cujusdam
1116 900 1402 952 divertentes
1418 939 1432 964 ,
1467 921 1598 969 sese,
1625 906 1775 973 gratia

338 980 521 1028 visendi
540 989 815 1027 sanctorum
834 978 966 1038 loca,
995 996 1053 1026 ex
1083 979 1302 1028 citeriore
1330 979 1503 1030 litore²
1523 982 1774 1033 advenisse

338 1059 562 1107 referunt.
598 1058 879 1118 Farinarffls,
910 1057 1111 1122 juvenes
1139 1058 1375 1107 formosos
1403 1059 1454 1107 in
1477 1059 1645 1111 habitu
1666 1062 1775 1112 licet

337 1138 524 1203 abjecto
541 1137 866 1197 considerans,
888 1136 1150 1202 hospitium
1168 1148 1407 1202 gratanter
1421 1141 1771 1204 accommodat,

337 1227 385 1264 et
416 1218 611 1282 insuper
648 1232 731 1263 eos
768 1216 927 1263 mitius
960 1224 1110 1263 curat.
1148 1216 1241 1274 Qui
1277 1214 1494 1265 staudem
1529 1217 1772 1282 meditati,

338 1310 563 1343 nummos
588 1294 705 1342 dant
721 1330 734 1354 ,
755 1294 1017 1359 vinumque
1041 1293 1236 1341 mercati
1253 1293 1494 1361 hospitem
1509 1295 1772 1359 inebriant3

338 1375 470 1422 etsie
494 1383 645 1421 totam
663 1371 791 1426 diem
816 1372 1023 1419 convivii
1041 1371 1339 1436 jocunditate
1367 1385 1672 1424 consumunt.
1696 1379 1777 1426 Ju-

339 1467 482 1499 venes
505 1450 745 1516 hospitem
768 1450 883 1496 vino
919 1448 1176 1497 faciliorem
1211 1448 1538 1511 advertentes,
1573 1452 1710 1518 quod
1731 1455 1777 1503 ei

338 1529 397 1576 sit
419 1527 632 1575 officium
656 1536 1044 1593 percunctantur.
1068 1525 1150 1574 llle
1168 1526 1444 1575 sarium-ium
1466 1544 1569 1578 sese
1594 1546 1777 1580 memo-

340 1617 426 1654 rat.
460 1610 517 1654 At
543 1605 609 1653 illi
632 1606 897 1672 prosecuti,
928 1605 965 1652 si
996 1604 1114 1669 quid
1140 1604 1342 1671 amplius
1373 1606 1549 1671 possit,
1574 1607 1776 1657 interro-

339 1695 467 1749 gant.
497 1684 579 1732 Ille
597 1685 739 1733 etiam
757 1684 1047 1750 piscatorum
1066 1682 1200 1730 ducis
1219 1683 1494 1747 magistrum
1518 1699 1570 1734 se
1592 1687 1773 1747 asserit,

338 1774 386 1812 et
414 1781 472 1811 ex
496 1764 691 1811 navium
723 1760 1168 1810 accommodatione
1191 1772 1413 1826 questum
1445 1763 1650 1829 aliquem
1685 1764 1776 1815 sibi

340 1841 521 1889 adesse.
552 1840 621 1888 llli
646 1856 760 1888 vero
786 1858 798 1887 z
830 1859 854 1885 «
875 1839 1115 1897 Quoniam
1132 1875 1145 1899 ‚
1168 1858 1191 1883 »
1219 1840 1468 1904 inquiunt,
1500 1840 1779 1892 «humanis-

346 1940 370 1964 «
394 1920 568 1967 simum
584 1917 724 1966 nobis
742 1927 789 1965 te
807 1917 1096 1976 invenimus,
1119 1916 1349 1983 ampliora
1367 1919 1509 1966 etiam
1527 1912 1773 1986 optamus:

346 2018 368 2042 «
393 1997 522 2045 unde
546 2006 594 2045 et
611 1997 649 2044 si
673 1995 905 2064 quiddam
930 1995 1070 2043 nobis
1087 1995 1227 2044 facias
1242 2031 1256 2056 ‚
1295 1995 1464 2045 decem
1483 1997 1664 2048 solidos
1687 2015 1779 2052 nos

348 2097 369 2120 α
394 2076 678 2140 allegaturos
692 2072 975 2141 pollicemur
987 2109 1000 2133 ‚
1028 2083 1083 2122 ut
1096 2073 1315 2122 videlicet
1328 2084 1459 2123 trans
1476 2076 1675 2125 fluvium
1689 2093 1780 2126 nos

346 2176 369 2199 «
393 2154 565 2203 evehas
579 2189 591 2213 ,
619 2170 679 2201 eo
703 2152 837 2218 quod
862 2152 1058 2200 ulterius
1079 2152 1341 2219 procedere
1364 2163 1554 2203 oratum
1577 2171 1783 2221 nequea-

348 2254 370 2278 «
395 2250 519 2292 mm,
541 2233 721 2280 itineris
737 2230 1035 2296 longitudine
1051 2231 1242 2296 fatigati.
1267 2251 1291 2276 »
1314 2235 1371 2280 At
1386 2231 1784 2302 bospiteroepun—

344 2312 505 2371 dente,
526 2311 662 2360 ducis
673 2310 849 2369 edicto,
878 2326 1022 2357 naves
1045 2309 1107 2357 ad
1126 2310 1351 2359 interiora
1362 2310 1501 2359 litora
1517 2322 1692 2378 raptas,
1719 2328 1784 2363 ue

345 2389 595 2438 Germanis
623 2387 995 2454 irrumpentibus
1017 2397 1176 2454 pateat
1199 2405 1436 2449 accessus,
1474 2389 1540 2438 illi
1566 2400 1784 2460 temp&

347 2477 585 2516 nocturno
610 2466 787 2531 absque
811 2466 1048 2514 calumnia
1072 2465 1121 2514 id
1148 2466 1249 2514 fieri
1277 2483 1418 2533 posse
1447 2478 1779 2533 pmsecunmr.

347 2546 428 2593 llle
445 2545 657 2612 pecuniae
674 2544 878 2609 cupidus
895 2580 908 2602 ,
938 2543 1136 2591 naulum
1153 2545 1324 2610 accipit
1337 2581 1350 2603 ‚
1385 2561 1442 2592 ac
1459 2545 1521 2593 de
1546 2545 1784 2612 patrando

396 2724 404 2741 ⁸
434 2736 460 2755 s.
474 2721 581 2765 Quod
597 2730 629 2755 rt
646 2722 755 2755 fertur
773 2719 939 2756 Bet-nardi
958 2721 1094 2756 comitis
1112 2721 1234 2756 astutia
1245 2720 1453 2769 dispositum
1462 2724 1535 2768 jam
1551 2721 1673 2758 deleta.

396 2778 410 2796 ¹
438 2778 523 2811 itote
545 2791 583 2810 es
607 2778 742 2822 conject.

1883 2593 1893 2601 .
1949 2555 1962 2584 i·
