1962 3262
316 242 368 281 22
813 239 1035 284 luctum!
1067 240 1167 280 Lm.
1202 241 1236 281 1.

314 320 522 367 mebant.
555 322 649 368 Rex
677 319 970 386 principibus
998 324 1286 370 Francorum
1316 331 1458 387 atque
1489 324 1744 388 Aquitano-

314 414 421 445 rum
438 397 658 464 stipatus,
693 397 800 446 licet
831 399 1023 465 ancipiti
1049 399 1412 459 deliberatione,
1447 410 1605 449 tamen
1629 398 1744 450 belli

314 475 673 542 dispositionem
696 476 824 543 apud
854 492 937 525 eos
960 477 1297 543 pertractabat,
1325 477 1430 525 illos
1447 476 1508 525 ad
1533 491 1745 545 pugnam

314 554 533 615 hortans,
571 570 627 602 ac
659 571 826 602 eorum
859 555 1292 620 magnanimitatem
1322 571 1379 603 ex
1406 565 1573 603 natura
1603 554 1749 623 pluri-

314 646 449 679 mum
466 630 700 679 attollens.
723 631 832 679 Aliis
849 649 1043 698 quoque
1060 632 1279 698 gentibus
1294 649 1379 682 eos
1396 650 1497 681 esse
1515 633 1743 699 potiores,

315 718 413 758 tam
426 708 606 757 viribus
620 726 764 775 quam
783 709 972 758 audatia
988 720 1036 758 et
1053 711 1213 772 tumis,
1233 710 1543 760 memorabat.
1566 714 1747 761 Eortun

314 803 508 853 quoque
532 787 752 851 majores,
774 804 897 853 pene
921 797 1075 835 totum
1094 788 1261 837 orbem
1276 788 1553 848 debellasse,
1570 788 1748 854 ipsum·

314 855 414 929 que*
445 875 588 930 caput
625 865 755 914 orbis
792 867 990 913 Romam
1029 866 1299 914 immaniter
1326 867 1572 914 attrivisse.
1611 864 1748 913 Unde

316 953 365 991 et
386 953 608 1009 oportere
636 953 884 1010 paternam
909 944 1256 992 animositatem
1296 944 1345 991 in
1378 943 1484 991 filiis
1520 957 1750 991 renovan-

317 1020 452 1080 dam,
478 1021 740 1068 asserebat‘
759 1058 772 1080 ,
811 1032 863 1069 ut
897 1032 1086 1089 patrum
1122 1021 1504 1086 magnanimitas,
1540 1020 1748 1070 tiliorum

315 1100 488 1147 virtute
501 1099 933 1147 commendaretur.

455 1349 558 1382 vm.
575 1367 624 1375 ——
638 1348 794 1395 impetus
808 1347 945 1383 Odouis
960 1347 1048 1394 regis
1063 1347 1100 1382 in
1116 1354 1274 1395 pyratas,
1291 1345 1441 1392 benique
1453 1344 1614 1392 quatit-n.

385 1462 570 1522 Quibus
592 1463 729 1511 dictis
752 1480 863 1511 cum
887 1464 1209 1530 persuasisset,
1236 1471 1402 1528 utpote
1424 1461 1498 1509 vir
1518 1459 1673 1508 audax
1695 1476 1752 1509 ac

321 1540 572 1602 violentus,
599 1558 710 1589 cum
735 1541 972 1597 sexdecim
991 1540 1180 1588 milibus
1197 1539 1341 1604 signis
1364 1538 1501 1587 illatis
1523 1537 1752 1608 bag-banos

320 1618 602 1684 aggreditur.
632 1619 726 1667 Sed
742 1618 959 1685 peditum
976 1618 1138 1685 copias
1160 1617 1416 1684 praemittit,
1443 1626 1586 1682 atque
1608 1632 1667 1665 ex
1683 1616 1752 1665 eis

320 1697 531 1763 primum
555 1697 786 1763 impetum
804 1695 958 1744 infert.
982 1699 1087 1762 lpse
1104 1713 1214 1744 cum
1233 1695 1443 1760 equitatu
1457 1693 1748 1756 succedens,

320 1774 536 1840 peditum
554 1775 794 1822 fortunam
818 1773 1169 1841 opperiebatur.
1199 1776 1294 1821 Nec
1312 1774 1470 1820 minus
1490 1781 1538 1820 et
1562 1770 1752 1821 barbari

320 1853 443 1901 acies
482 1853 840 1912 ordinaverant,
880 1869 936 1900 ac
977 1852 1164 1900 indivisi
1202 1850 1498 1900 adversarios
1537 1850 1753 1917 excipere

321 1930 607 1995 cogitabant.
637 1935 694 1978 At
713 1931 827 1995 regii
843 1929 1027 1996 pedites
1043 1929 1259 1977 hostibus
1279 1928 1462 1987 directi,
1482 1927 1640 1993 primo
1657 1941 1754 1975 cer*-

322 2010 499 2057 tamine
516 2009 705 2073 sagittas
714 2008 1004 2072 jaculantur3
1026 2008 1322 2071 densatique,
1331 2005 1506 2053 lanceis
1519 2002 1749 2064 obversis,

321 2089 370 2135 in
396 2087 501 2135 illos
525 2086 754 2134 feruntur.
778 2086 971 2152 Excepti
988 2102 1103 2133 vero
1121 2101 1149 2132 a
1166 2083 1396 2142 baubaris,
1422 2081 1614 2150 plurimi
1637 2080 1754 2129 dila·

320 2164 516 2223 buntur,
534 2181 634 2211 non
653 2174 811 2212 tamen
830 2174 1000 2230 praeter
1018 2163 1397 2211 adversariorum
1409 2160 1619 2221 ruinam3
1638 2175 1752 2207 nam

321 2250 369 2291 et
392 2258 561 2293 eorum
579 2241 657 2289 alii
681 2241 977 2308 praecipitati,
996 2241 1074 2288 alii
1089 2258 1203 2288 vero
1221 2256 1367 2306 quam
1383 2238 1542 2306 plures
1559 2237 1754 2292 sauciati

320 2329 446 2367 sunt.
479 2323 589 2367 Post
607 2319 789 2385 pedites
813 2336 927 2368 vero
945 2330 992 2367 et
1010 2319 1164 2384 regius
1180 2319 1415 2383 equitatus
1437 2315 1675 2376 succedit3
1696 2331 1754 2365 ac

320 2398 443 2446 acies
465 2397 699 2457 hostium,
736 2398 885 2463 copiis
915 2397 1131 2463 peditum
1155 2396 1351 2454 divisas,
1379 2393 1531 2442 multo
1554 2393 1663 2442 nisu
1697 2393 1755 2441 ir-

321 2476 523 2542 rumpit,
565 2475 825 2540 sternitque
861 2486 913 2522 ut
952 2475 1097 2523 fertur
1125 2474 1352 2522 tredecim
1388 2472 1547 2531 milia,
1589 2471 1753 2537 paucis

320 2554 428 2618 fuga
451 2553 654 2601 salvatis.
684 2555 742 2600 Et
764 2568 874 2600 cum
888 2553 987 2617 jam
1006 2553 1238 2618 potiretur
1265 2550 1463 2598 victoria
1496 2548 1753 2618 spoliisque

319 2630 597 2697 diripiendis
619 2632 836 2689 instaret,
851 2630 1164 2679 barbarorum
1175 2638 1382 2694 quatuor
1399 2626 1550 2686 milia,
1564 2624 1747 2692 quaein,-

368 2772 377 2790 “
407 2770 619 2805 memorabat
641 2772 671 2803 ¹
710 2788 718 2794 ·
