1962 3262
320 192 373 233 ⁴0
399 189 405 193 ”
818 196 1037 237 lucum!
1069 197 1169 240 Lm.
1201 198 1234 239 Ι.

318 291 397 320 rex
429 275 476 320 in
501 274 676 340 palatio
694 275 910 336 sedisset,
939 278 1039 342 ejus
1067 278 1201 342 jussu
1226 277 1322 324 dux
1346 276 1525 335 dexter,
1549 280 1741 342 [lagano

315 368 507 416 quoque
540 352 583 399 ei
621 351 753 400 levus
782 355 957 420 pariter
989 355 1177 404 resedit.
1214 354 1464 403 Rotbertus
1499 371 1613 403 vero
1644 354 1740 420 dux

315 430 451 477 tacite
489 430 737 495 indignum
772 432 965 492 serebat,
1004 450 1258 500 personam
1291 432 1606 481 mediocrem·
1651 432 1740 482 sibi

311 508 507 573 aequari,
546 509 938 575 magnatibusque
970 513 1196 579 praeponi.
1247 516 1303 559 At
1342 512 1459 558 iram
1496 510 1734 576 mitigans,

310 587 523 634 animum
540 586 886 649 dissimulabat,
915 589 986 636 vix
1007 591 1102 655 regi
1128 606 1278 656 pauca
1300 588 1501 636 locutus,
1530 587 1737 638 Celerius

308 681 422 729 ergo
440 666 602 730 surgit,
623 683 678 714 ac
694 683 804 713 cum
821 667 916 714 suis
932 666 1184 715 consilium
1199 665 1396 714 confert.
1416 668 1525 725 Quo
1541 664 1732 726 collato,

309 743 404 807 regi
423 760 510 808 per
539 742 716 807 legatos
740 745 968 809 suggerit,
1000 761 1101 793 sese
1125 745 1331 811 perferre
1354 761 1454 792 non
1479 736 1618 811 poase
1645 742 1734 792 sibi

308 823 616 884 Haganonem
627 821 820 885 aequari,
842 822 1215 888 primatibusque
1227 822 1462 872 anteferri.
1481 821 1734 887 Indignum

308 898 450 944 etiam
468 897 620 957 videri
634 897 911 962 hujusmodi
934 899 1181 949 hominem
1205 900 1301 965 regi
1324 899 1501 948 boerere
1518 908 1566 947 et
1581 898 1734 948 Gallo-

309 992 414 1022 rum
440 975 758 1024 nobilissimos
775 975 917 1041 longe
934 976 1180 1036 absistere3
1208 993 1356 1042 quem
1371 977 1461 1024 nisi
1484 977 1533 1023 in
1557 976 1736 1024 medio-

306 1054 520 1101 critatem
559 1054 760 1118 redigat,
794 1072 895 1102 sese
918 1072 1030 1103 eum
1053 1055 1233 1103 crudeli
1261 1053 1518 1119 suspendio
1540 1053 1735 1103 suffoca-

307 1140 484 1179 turum.
508 1133 603 1179 Rex
627 1131 785 1179 dilecti
804 1133 1114 1196 ignominiam
1137 1148 1237 1180 non
1260 1148 1448 1197 passus»,
1476 1129 1655 1179 facilius
1681 1147 1733 1180 se

306 1210 523 1257 omnium
542 1209 800 1274 colloquio,
823 1226 968 1274 quam
996 1210 1136 1273 hujus
1164 1208 1474 1256 familiaritate
1500 1222 1639 1273 posue
1661 1224 1735 1257 αι-

306 1304 409 1334 rere
447 1287 708 1352 respondit.
745 1287 888 1346 Quod
922 1288 1121 1335 nimium
1153 1285 1404 1333 Rotbertus
1437 1283 1728 1349 indignatus,

304 1381 414 1411 cum
432 1364 739 1430 optimatibus
761 1365 999 1431 plerisque
1021 1365 1225 1429 injussus
1242 1362 1503 1410 Neustriam
1522 1362 1655 1428 petit,
1675 1379 1732 1412 ac

303 1443 621 1491 'l'uronissese
639 1443 819 1509 recipit.
842 1443 1037 1491 Multam
1067 1441 1130 1489 ibi
1160 1441 1221 1488 de
1251 1440 1371 1504 regis
1399 1439 1585 1486 levitate
1613 1439 1732 1488 indi-

304 1520 607 1583 gnationem'
643 1520 840 1568 habenS.
879 1520 1084 1567 Plurima
1108 1519 1250 1567 etiam
1279 1527 1330 1565 ut
1354 1517 1402 1564 in
1426 1533 1477 1564 se
1500 1516 1731 1564 transfun-

303 1596 443 1644 datur
485 1614 643 1645 rerum
679 1613 886 1656 summa,
938 1596 1066 1663 apud
1100 1613 1212 1643 suos
1245 1605 1381 1643 caute
1419 1604 1724 1660 pertractans.

302 1675 529 1733 Quamvis
540 1674 556 1699 ⁸
575 1675 751 1722 etenim
767 1674 885 1739 regi'
905 1674 1095 1732 faveret,
1115 1690 1216 1721 non
1227 1673 1244 1698 ⁸
1257 1671 1559 1721 mediocriter
1569 1681 1728 1720 tamen

302 1752 346 1799 ei
371 1769 570 1817 regnum
599 1751 839 1800 invidebat
857 1751 895 1810 ⁸,
922 1768 1033 1800 cum
1057 1751 1143 1799 sibi
1168 1751 1305 1818 post⁸
1327 1751 1519 1798 fratrem
1546 1749 1730 1799 henedi-

302 1829 529 1877 tandum’
546 1829 694 1894 magis
705 1829 900 1877 videret.
925 1829 1161 1880 Nonnulla
1176 1846 1370 1895 quoque
1385 1827 1726 1892 moliebaturin

301 1906 557 1955 Fulconem
582 1908 838 1955 Remorum
854 1906 1289 1973 metropolitanum,
1315 1907 1398 1972 qui
1421 1923 1583 1971 regem
1600 1922 1630 1955 a
1648 1923 1726 1956 cu—

298 1984 483 2033 nabulis
497 1984 796 2044 educaverat,
810 1994 952 2049 atque
971 1985 1018 2031 in
1035 2000 1233 2048 regnum
1251 1994 1569 2050 promoverat.
1587 1983 1726 2031 vide-

298 2062 438 2110 batur
451 2063 646 2122 etenim,
664 2063 775 2127 quia
790 2062 828 2109 si
845 2062 883 2109 is
898 2062 1052 2109 solum
1071 2061 1323 2127 deperiret,
1341 2060 1520 2109 &cilius
1535 2059 1722 2110 refundi

297 2141 347 2196 in
379 2157 481 2188 sese
514 2156 713 2205 regnum
736 2140 982 2206 potuisset.
1019 2139 1071 2186 ld
1104 2140 1246 2187 etiam
1278 2138 1406 2205 apud
1436 2137 1721 2186 Balduinum

293 2219 589 2266 Morinorum
606 2218 868 2284 principem
886 2216 1149 2264 admodum
1173 2216 1390 2281 agitabat.
1409 2213 1495 2263 liic
1511 2215 1640 2263 enim
1656 2213 1719 2263 ab

293 2297 381 2344 eo⁴
419 2311 689 2362 persuasus,
720 2295 820 2359 ejus
850 2304 1004 2360 partes
1023 2295 1120 2358 jam
1146 2311 1255 2360 rege
1277 2293 1464 2341 deserto
1492 2291 1715 2358 sequeba-

292 2386 382 2422 tur.

341 2538 351 2557 ⁸
379 2536 568 2584 ignobilem
583 2548 667 2571 οοη.
686 2535 911 2572 mediocrem.

334 2598 349 2618 ⁸
373 2595 628 2643 querimoniam
642 2609 727 2645 cerr.
744 2595 1034 2643 indignationem.

333 2657 348 2676 ⁸
370 2656 418 2700 Q.
436 2669 467 2699 r,
485 2668 572 2699 non,
589 2668 687 2700 men,
706 2657 759 2699 vi,
776 2670 844 2704 po,
862 2657 914 2692 dit
929 2657 1067 2691 abscisa.

333 2716 347 2737 ⁴
371 2729 390 2750 a
407 2717 562 2751 rotberto
577 2715 716 2751 deletu·-
