1962 3262
355 218 409 256 80
861 213 1080 255 lucum!
1112 214 1213 266 ΜΒ.
1245 214 1278 254 l.

353 295 561 355 collecti,
596 310 692 359 qua
715 295 897 343 ratione
925 311 1084 360 regem
1121 293 1365 359 abjiciant,
1404 293 1779 355 constantiniam

357 372 641 422 consultant.
671 374 766 420 Nec
782 371 932 420 defuit
947 371 1237 421 Gislebertus
1250 369 1313 418 ab
1338 370 1536 434 Belgica,
1562 370 1645 435 qui
1665 386 1781 420 mx

357 452 535 517 absque
558 450 897 499 deliberatione
923 450 1201 497 Rotbertum
1214 465 1372 513 regem
1396 446 1656 496 creandum
1669 464 1781 514 per-

357 528 608 596 strepebat.
630 529 886 577 Communi
902 545 1016 593 ergo
1027 528 1243 575 omnium
1261 527 1344 591 qui
1361 526 1558 573 aderant
1568 524 1779 585 decreto,

360 607 611 656 Rotbertus
634 606 845 671 eligitur;
873 623 952 666 ac,
980 604 1131 653 multo
1155 603 1424 652 ambitionis
1447 603 1589 663 elatu,
1613 605 1785 651 Remos

358 684 607 744 deductus,
636 685 684 731 in
710 683 899 731 basilica
923 683 1081 731 Sancti
1105 682 1300 747 Remigii
1318 698 1397 729 rex
1421 690 1622 729 creatur.
1646 684 1683 728 Α
1700 696 1783 728 cu-

353 763 432 828 jus
470 761 780 811 coronatione
818 770 1011 827 peracto
1050 758 1232 819 tridu0,
1278 759 1504 807 Heriveus
1529 752 1786 806 Remorum

360 839 751 906 metropolitanus
798 838 989 886 diutina·
1032 836 1296 902 egritudine
1336 846 1552 895 vexatus,
1591 834 1781 884 interiit.

361 919 474 978 Qui,
502 918 541 965 si
562 917 734 966 eodem
759 926 974 982 tempore
998 914 1240 975 valuisset,
1269 923 1400 962 tanto
1423 913 1621 961 facinori
1642 930 1787 980 opor·

361 996 536 1044 tunitas
558 991 657 1043 non
682 994 921 1060 patuisset.
951 994 1039 1040 Cui
1062 993 1204 1041 etiam
1222 1009 1335 1040 mox
1359 990 1568 1040 succedit
1584 990 1789 1040 donatus

361 1073 423 1121 ab
448 1072 697 1121 Rotberto'
736 1070 942 1130 Seulfus,
975 1066 1202 1135 qui'tunc
1235 1068 1367 1117 urbis
1395 1068 1609 1133 ejusdem
1629 1067 1789 1118 officio

362 1149 672 1215 fungebatur'
702 1147 1134 1207 archidiaconatus3
1162 1148 1234 1195 vir
1257 1145 1527 1206 strenuus⁸,
1549 1145 1791 1212 multaque

365 1245 525 1276 rerum
542 1226 734 1275 scientia
758 1225 959 1273 inclitus.

1023 1347 1137 1382 XLII.

433 1451 616 1496 Interea
646 1446 847 1495 Karolus
871 1462 900 1494 a
922 1444 1068 1493 Gallis
1096 1453 1264 1510 praeter
1295 1437 1605 1510 paucissimos
1631 1443 1794 1509 Belga·

366 1543 474 1574 rum
499 1525 738 1574 desertum
757 1541 858 1572 sese
871 1523 1184 1589 comper-iem,
1203 1521 1330 1587 apud
1348 1522 1611 1587 praecipuos
1625 1537 1794 1570 eorum

367 1604 450 1670 qui
473 1620 501 1651 a
525 1620 576 1650 se
607 1619 706 1650 non
731 1601 1021 1660 defecerant,
1057 1599 1310 1666 plurimam
1338 1598 1399 1646 de
1423 1616 1511 1647 suo
1536 1598 1795 1648 infortunio

367 1679 571 1748 agitabat
587 1678 828 1746 querelam
842 1714 855 1739 ,
877 1677 1170 1725 miseriorem
1190 1693 1291 1724 sese
1309 1676 1529 1742 inquiens
1552 1676 1694 1726 sihac
1716 1693 1797 1725 ur·

370 1769 533 1825 geatur
565 1757 851 1816 calamitate,
892 1772 1037 1820 quam
1066 1754 1106 1802 si
1126 1748 1309 1801 'oculos
1350 1753 1539 1803 claudat
1578 1770 1798 1820 suprema

372 1847 549 1896 morte,
581 1852 694 1884 cum
722 1834 799 1883 illa
832 1834 1023 1882 dolores
1053 1842 1327 1897 augescant,
1362 1833 1449 1881 ista
1480 1832 1736 1881 demantur
1748 1833 1796 1892 ’,ς

371 1914 525 1962 carius
547 1928 741 1978 quoque
764 1910 854 1959 sibi
879 1910 1003 1958 ferro
1027 1910 1207 1969 occidi,
1237 1926 1382 1975 quam
1411 1926 1559 1975 regno
1576 1925 1607 1958 a
1627 1925 1799 1976 perva-

372 2008 479 2040 sore
501 1990 701 2057 privari3
726 1998 837 2055 post
852 1988 985 2053 regni
1001 1988 1130 2035 enim
1147 1987 1479 2053 privationem,
1494 1987 1799 2035 solummodo

373 2085 617 2135 superesse
641 2068 690 2115 in
714 2066 906 2115 exilium
939 2065 1335 2131 deportationem.
1374 2068 1428 2112 In
1451 2082 1550 2130 quo
1573 2064 1716 2113 etiam
1738 2064 1801 2113 ab

374 2148 430 2195 iis
454 2162 576 2211 quos
599 2161 789 2193 summo
804 2160 991 2208 semper
1006 2142 1173 2190 habuit
1189 2159 1374 2203 amore,
1401 2142 1529 2208 apud
1552 2158 1674 2208 quos
1694 2143 1800 2191 diu-

377 2226 468 2273 tius
492 2232 796 2272 conversatus
811 2222 892 2282 sit,
913 2220 1086 2287 quibus
1101 2237 1294 2286 quoque
1310 2219 1427 2269 nihil
1443 2237 1673 2286 umquam
1688 2221 1802 2273 mali

378 2301 570 2350 molitus
599 2300 761 2358 suerit,
795 2298 969 2347 debere
1004 2315 1106 2346 sese
1138 2298 1356 2363 susti-agia
1380 2298 1593 2365 accipere
1617 2313 1802 2349 memo·

377 2378 527 2428 rabat.

429 2495 440 2516 ·
467 2495 600 2541 ness-

426 2550 444 2571 ·
467 2549 795 2592 ehamoeeonjoce.

428 2606 444 2627 ⁸
469 2604 786 2643 liba-dinaesm.

430 2658 883 2697 ‘demantunvixetiam
1027 2655 1267 2703 aliqnamsffii
1292 2657 1806 2695 rdimmmnninnnotu·

383 2718 456 2743 tum
472 2719 657 2755 pervasum
671 2706 734 2748 sit,
754 2713 903 2752 potestas
943 2702 1493 2740 ominandietlibermluhmdi
1511 2707 1544 2740 l.
1642 2749 1649 2755 ⁴
