1962 3262
346 243 426 283 208
841 242 1063 286 menam
1095 242 1196 283 Lm.
1227 242 1287 284 11.

347 322 440 382 eis,
477 334 720 386 asserunt,
756 323 1002 373 nullorum
1031 322 1377 372 interventibus
1410 340 1515 373 sese
1539 339 1792 374 concauu-

347 417 451 462 ros,
481 412 530 450 at
553 402 796 452 obsidioni
824 419 976 469 usque
1008 401 1071 451 ad
1100 401 1321 462 effectum
1349 419 1548 470 operam
1571 401 1786 452 damros.

347 480 491 538 Quod
517 482 557 529 si
581 481 751 531 urbem
775 482 822 530 vi
849 482 954 548 capi
986 481 1258 546 contingat,
1289 481 1376 548 ipsi
1404 480 1593 548 praesuli
1622 478 1792 530 omlos

346 558 635 622 effossuro8‚
672 571 720 610 et
748 560 844 608 hoc
877 561 943 608 ita
972 558 1248 608 ordinatum
1279 559 1540 625 fixumque.
1573 557 1715 608 Unde
1742 569 1792 608 et

347 639 715 691 accelerandum
733 649 786 687 ut
799 637 1086 704 egrediatur,
1106 637 1385 704 suosqueab
1396 653 1561 703 regum
1575 636 1791 704 indigna-

349 722 481 769 tione
497 719 680 786 eripiat.
706 717 789 764 His
813 716 983 783 pmul
1000 717 1190 765 territus
1202 753 1216 777 ,
1235 717 1332 764 suis
1348 716 1445 764 hoc
1461 725 1721 777 monstram
1741 725 1792 765 et

348 797 550 846 oonsilio
573 795 767 855 habito,
794 794 873 843 die
890 793 1156 842 obsidionis
1169 805 1323 856 sexta,
1356 811 1467 843 cum
1492 794 1591 843 suis
1606 792 1790 860 egredi·

349 887 442 923 tur.
466 878 619 923 Portae
642 874 653 897 ¹
687 872 876 938 regibus
893 871 1187 939 panduntur.

1010 1038 1107 1073 Lvl.

415 1157 561 1220 Reges
602 1169 717 1201 vero
755 1151 1004 1200 Artoldum
1045 1158 1339 1199 resumentes
1354 1186 1368 1210 ‚
1418 1147 1591 1199 urbem
1624 1165 1793 1200 conse-

346 1242 552 1299 quenter
589 1230 916 1279 introducunt.
957 1231 1273 1294 Duorumque
1311 1226 1792 1294 metropolitanorum

349 1310 538 1360 medius
554 1299 573 1370 ,⁵
589 1308 814 1358 Friderici
837 1308 1101 1374 Maguntini
1117 1344 1130 1366 ,
1155 1323 1211 1355 ac
1228 1305 1441 1354 Rotberti
1456 1305 1758 1355 'treverensis
1771 1341 1787 1368 ‚

347 1389 410 1438 ab
424 1389 494 1437 eis
510 1406 599 1456 per
618 1405 789 1437 manus
812 1388 1020 1455 pristinae
1034 1385 1137 1434 sedi
1155 1385 1398 1434 restitutus
1423 1393 1510 1434 est.
1533 1382 1627 1433 Ubi
1647 1385 1790 1434 etiam

347 1485 460 1517 mox
475 1466 768 1532 Gerbergam
790 1466 1003 1531 reginam
1021 1481 1132 1513 cum
1151 1464 1334 1530 aliquot
1350 1461 1610 1512 illustribus
1628 1473 1790 1513 custo-

347 1547 436 1595 diae
451 1546 759 1612 deputantes,
783 1545 871 1612 ipsi
888 1554 982 1592 tres
996 1561 1129 1609 reges
1143 1544 1193 1591 in
1211 1545 1463 1607 Hugonem
1480 1540 1656 1590 ducem
1675 1558 1789 1591 cum

347 1626 556 1674 exercitu
591 1625 824 1673 seruntur.
862 1621 1077 1671 Silletum
1111 1638 1306 1686 quoque
1343 1619 1391 1667 vi
1420 1619 1686 1686 inumpene
1717 1619 1790 1668 ni-

347 1714 499 1753 tentes
516 1739 529 1763 ,
555 1702 858 1751 considerato
874 1699 1040 1767 oppidi
1059 1698 1388 1758 firmamento,
1417 1697 1531 1746 inde
1553 1696 1791 1746 amoliun-

348 1793 425 1831 tur
440 1819 454 1843 ,
483 1799 584 1830 non
601 1791 762 1829 tamen
781 1781 882 1828 sine
904 1778 1118 1826 suburbii
1147 1776 1504 1837 combustione,
1535 1785 1586 1824 et
1605 1775 1791 1842 aliquo-

346 1879 455 1910 rum
469 1878 619 1915 neceg
646 1860 808 1925 sicque
823 1857 885 1906 ad
911 1858 1110 1906 fluvium
1129 1858 1400 1921 Sequanam
1424 1853 1742 1903 contendunt.

390 1995 508 2030 Lvn.
525 2014 576 2022 —
588 1990 782 2038 Quomodo
801 1990 906 2039 pauci
929 1991 1075 2038 juvenes
1090 1991 1111 2013 ⁸
1127 2001 1234 2024 navet
1248 2001 1269 2023 a
1284 1987 1375 2023 duoe
1388 1987 1409 2010 ’
1430 1985 1622 2024 subducta·
1634 1998 1701 2036 pa·
1713 1986 1736 2012 Ψ

632 2048 797 2085 astutiam
811 2048 830 2068 ⁰
850 2046 1044 2096 mpetim‘
1059 2045 1226 2082 exercitui
1242 2044 1455 2082 adduxerint
1466 2045 1501 2080 ⁸.

407 2156 515 2200 Dux
557 2168 672 2200 vero
713 2166 885 2198 eorum
928 2150 1161 2215 impetum
1204 2147 1539 2213 praesentiens,
1578 2162 1611 2195 ι
1646 2145 1787 2196 litum

340 2230 558 2279 hostibus
580 2229 810 2294 contiguo
834 2245 923 2294 per
945 2228 1110 2291 viginti
1129 2226 1327 2274 miliaria
1345 2242 1516 2274 omnes
1531 2224 1786 2275 navem-b-

339 2309 451 2357 duci
470 2317 787 2375 praeceperat,
816 2323 878 2354 ne
907 2306 1187 2354 adversariis
1211 2303 1491 2353 transeundi
1517 2302 1787 2352 commodi·

340 2397 410 2435 tas
438 2396 701 2453 pararetur.
739 2389 794 2432 At
825 2385 1047 2432 frustrato
1075 2384 1178 2449 ejus
1203 2383 1430 2443 consilio,
1465 2382 1620 2431 multo
1649 2380 1793 2431 aliter

340 2466 617 2533 provenisse
648 2474 819 2512 notum
856 2474 943 2511 est.
982 2466 1102 2511 Nam
1145 2463 1314 2511 decem
1348 2476 1553 2510 numero
1583 2461 1784 2526 juvenes

340 2543 514 2610 quibus
543 2542 783 2591 oonstanti
822 2553 982 2589 mente
1014 2542 1162 2589 lixum
1198 2552 1300 2590 erat
1338 2558 1484 2589 omne
1515 2538 1783 2607 periculum

387 2704 405 2724 ⁸
430 2704 506 2749 juv,
522 2701 605 2745 ad,
630 2713 750 2749 pera,
770 2709 842 2743 tas,
865 2698 911 2735 ad
932 2700 1072 2734 abscisa.

389 2759 398 2779 ¹
426 2758 466 2792 Ρ.
489 2769 630 2804 quoque
648 2756 771 2791 dalem.
