1962 3262
379 270 459 308 226
869 267 1088 309 mem-:m
1121 267 1223 310 Lm.
1255 267 1309 309 11.

377 353 642 413 Remensis3
671 352 960 401 consedente
976 353 1120 400 etiam
1139 350 1336 400 Artoldo
1350 387 1364 413 ,
1386 352 1521 416 cujus
1545 366 1688 404 causa
1708 350 1804 401 dis·

375 429 596 478 cutienda
622 440 737 479 erat.
773 430 873 479 Ne·
905 430 1054 479 abfuit
1087 433 1223 495 Hugo
1240 466 1253 490 ,
1289 439 1337 478 at
1370 428 1594 478 sinodum
1619 428 1802 496 ingredi

376 506 543 556 noluit.
566 508 825 575 Epistolam
842 524 974 568 vero,
994 509 1190 556 nomine
1204 507 1386 574 Agapiti
1401 523 1536 574 papae
1550 506 1799 573 signatam,

374 600 460 650 per
475 601 588 633 suos
606 584 625 611 ²
652 585 824 634 sinodo
848 585 1098 651 legendam
1120 585 1346 652 porrexit.
1370 587 1487 644 Quae
1514 601 1628 634 cum
1649 584 1804 635 soluta

374 671 422 709 et
438 662 558 711 lecta
576 673 722 724 esset,
751 662 869 711 nihil
892 662 1132 711 canonice
1158 662 1448 711 auctoritatis
1473 661 1651 712 babere
1672 661 1804 713 vide-

376 739 537 800 batur,
572 740 691 788 nihil
715 741 858 788 etiam
893 757 983 807 pro
1013 740 1115 804 ejus
1144 756 1286 788 causa
1314 739 1600 806 significare,
1632 740 1723 789 nisi
1748 749 1804 790 ut

375 819 668 885 episcopium
691 820 736 867 ei
760 817 1054 867 redderetur.
1077 819 1184 876 Qua
1200 817 1406 884 perlecta
1422 853 1437 878 ‚
1458 835 1570 867 cum
1592 818 1803 886 episcopi

373 896 591 944 consulto
610 913 710 944 sese
732 896 1041 944 contulissent
1056 931 1070 955 ‚
1097 894 1374 943 cassandam
1399 906 1714 958 censuerunt,
1742 913 1802 946 eo

374 974 523 1038 quod,
538 974 716 1040 absque
727 975 926 1034 ratione,
939 991 1040 1022 rem
1050 990 1156 1039 quae
1169 973 1219 1021 in
1230 972 1311 1022 lite
1321 983 1422 1022 erat
1434 973 1655 1023 abdicato
1667 973 1803 1023 reddi

369 1051 581 1114 jubebat.
602 1055 660 1100 Et
682 1053 795 1117 quia
811 1052 956 1118 paulo
974 1061 1086 1100 ante
1102 1047 1164 1099 ab
1183 1051 1286 1117 ipso
1309 1066 1434 1117 papa
1456 1052 1653 1118 Agapito
1677 1051 1804 1101 dele·

373 1138 478 1192 gata
495 1139 595 1176 erat
617 1128 831 1195 epistola,
859 1146 946 1196 per
963 1127 1264 1176 Fredericum
1278 1126 1607 1192 Maguntinum
1620 1127 1804 1196 episco-

373 1223 490 1272 pum
503 1243 516 1266 ‚
553 1217 694 1272 atque
728 1207 838 1255 data
871 1206 1097 1255 Rotberto
1129 1205 1496 1272 metropolitano
1518 1205 1767 1256 Treverico
1783 1243 1799 1266 ‚

373 1301 536 1333 coram
560 1285 747 1350 regibus
776 1301 831 1332 ac
854 1284 1015 1333 Galliae
1044 1294 1091 1332 et
1119 1284 1384 1332 Germaniae
1403 1283 1667 1351 episcopis,
1697 1300 1804 1351 que

373 1351 472 1410 erat
500 1363 751 1411 continens
777 1363 1103 1411 auctoritatem
1131 1361 1401 1428 apostolicae
1418 1361 1670 1427 jussionis,
1696 1377 1804 1430 par-

374 1450 565 1505 temque
586 1451 932 1507 praeceptorum
958 1440 1060 1504 ejus
1077 1440 1177 1504 jam
1201 1440 1408 1488 exsecuti
1434 1439 1644 1500 filei-ant,
1671 1456 1804 1489 com-

373 1519 508 1565 muni
525 1535 638 1566 mox
661 1535 897 1566 consensu
920 1518 1165 1566 decretum
1188 1527 1285 1577 est,
1311 1527 1365 1565 ut
1381 1516 1517 1583 quod
1528 1516 1804 1583 regulariter

372 1606 582 1662 coeptum
605 1605 706 1643 erat
719 1631 732 1655 ‚
767 1595 1105 1643 rationabiliter
1136 1605 1278 1659 atque
1302 1595 1531 1643 canonice
1552 1603 1805 1661 pertracta·

374 1683 517 1720 retur.
540 1673 783 1738 Simulque
797 1683 844 1721 et
859 1689 971 1720 mox
986 1689 1015 1720 a
1039 1672 1407 1739 metropolitano
1417 1672 1605 1736 jussum
1624 1681 1723 1733 est,
1749 1681 1803 1721 ut

374 1751 646 1798 recitaretur
662 1760 804 1816 caput
827 1766 1010 1798 nonum
1034 1750 1274 1798 decimum
1291 1749 1474 1797 consilii
1502 1750 1804 1815 cartaginen-

374 1829 436 1876 sis
448 1864 461 1888 ‚
488 1827 620 1894 quod
635 1838 819 1875 constat
833 1826 894 1875 de
908 1837 1125 1875 accusato
1142 1837 1189 1874 et
1203 1837 1492 1875 accusatore.
1511 1829 1572 1875 Et
1586 1827 1799 1888 recitato,

375 1906 639 1955 secundum
674 1906 818 1971 ipsius
852 1905 1043 1971 capituli
1082 1905 1362 1953 sententiam
1391 1905 1679 1954 constituere
1699 1941 1713 1966 ,
1750 1915 1803 1954 ut

378 1984 595 2032 Remensi
628 1982 889 2049 parroechia
919 1982 1114 2031 Artoldo
1145 1983 1355 2031 restituta
1371 2019 1385 2042 ‚
1422 1983 1506 2048 qui
1534 1982 1709 2031 nullius
1743 1984 1805 2031 si-

377 2062 492 2109 nodi
508 2061 713 2109 rationes
727 2060 890 2108 audire
908 2060 1099 2125 refugit3
1126 2063 1263 2125 Hugo
1275 2098 1287 2120 ,
1313 2061 1396 2126 qui
1410 2060 1473 2108 ad
1489 2059 1608 2109 duas
1618 2059 1722 2125 jam
1743 2059 1803 2108 si-

379 2138 532 2187 nodos
549 2139 798 2187 accersitus
819 2138 980 2186 venire
997 2147 1371 2204 contempserat,
1392 2154 1421 2186 a
1439 2136 1804 2205 Reniensisaepi·

376 2218 524 2283 scopii
541 2218 765 2281 regimine
780 2215 1062 2275 abstineret,
1082 2215 1238 2263 donec
1256 2217 1305 2263 in
1329 2215 1514 2264 tertiam
1531 2213 1759 2263 sinodum
1779 2214 1798 2240 ³

378 2294 650 2360 purgandus
673 2294 734 2342 de
752 2293 947 2357 objectis
964 2293 1221 2340 adveniret.
1245 2292 1514 2359 Capitulum
1528 2308 1644 2340 vero
1659 2307 1803 2358 supra

376 2371 555 2419 dictum
586 2371 749 2419 litteris
780 2380 918 2418 cartae
949 2369 1227 2418 mandatum
1258 2380 1356 2430 est,
1402 2379 1450 2418 et
1478 2369 1540 2417 ab
1567 2370 1803 2437 episcopis

375 2460 566 2497 cautum
582 2486 596 2508 ‚
634 2466 689 2496 ac
725 2448 879 2496 eidem
913 2448 1100 2512 Hugoni
1141 2447 1391 2495 directum.
1434 2450 1489 2494 ln
1523 2462 1649 2513 quo,
1690 2462 1800 2495 mm

375 2518 708 2594 episcoporum
748 2528 1017 2574 cautionem
1056 2525 1366 2590 subscriptam
1402 2528 1539 2589 Hugo
1576 2524 1769 2573 vidisset
1784 2560 1797 2583 ,

422 2662 431 2681 ⁸
459 2662 507 2694 im
523 2672 605 2693 corr.

419 2717 435 2735 ⁸
461 2728 523 2762 per
537 2714 711 2761 quendam
728 2713 892 2748 clericum
907 2725 1009 2747 suum
1031 2715 1061 2747 l.

421 2773 434 2791 ²
458 2785 485 2804 ς.
512 2783 587 2821 qua:
606 2768 769 2805 Kalend'u
789 2772 875 2814 Aug.
896 2768 1056 2803 habenda
1072 2768 1287 2802 indicebatur
1307 2767 1426 2802 deleta.
