1962 3262
316 251 395 288 218
817 242 1036 283 uicussm
1068 241 1166 283 ΜΒ.
1193 241 1247 281 11.

316 328 497 387 niebat,
526 343 585 375 eo
609 325 743 391 quod
761 324 896 373 ducis
914 341 1066 391 nepos
1090 327 1228 391 Hugo
1247 343 1277 376 a
1299 325 1581 393 pontificatu
1603 324 1754 390 abjec-

315 418 389 455 tus
407 405 586 454 ibidem
611 413 893 452 moraretur.
920 406 1058 452 Hunc
1076 405 1237 471 itaque
1265 404 1518 462 infestabat
1543 404 1594 453 in
1617 402 1754 452 ducis

315 482 672 533 contumeliam.
701 485 759 530 At
782 481 956 530 ducem
980 481 1042 531 ab
1066 482 1319 532 obsidione
1337 482 1603 532 discessisse
1618 497 1753 530 com·

315 563 503 630 periens
518 598 532 623 ,
563 561 664 629 ipse
698 577 893 627 quoque
924 562 1097 609 Remos
1121 562 1307 629 repetit.
1345 565 1452 621 Qua
1475 561 1619 610 etiam
1641 569 1758 608 tem-

315 651 494 708 pestate
535 643 666 689 Bovo
680 675 694 699 ,
738 638 1154 688 Catalaunensium
1200 641 1476 708 episcopus,
1528 638 1619 688 hac
1657 637 1754 687 vita

315 719 531 768 decessit.
551 718 640 766 Cui
656 718 801 766 etiam
818 733 932 765 mox
948 718 1171 767 successit
1185 717 1197 741 ⁴
1223 717 1286 767 ab
1303 734 1414 784 rege
1432 717 1669 784 Gipuinus
1684 724 1753 763 to-

315 800 406 847 tius
421 797 652 847 electione
669 795 800 856 cleri,
822 794 1100 844 adolescens
1115 796 1345 862 egregius,
1367 806 1510 863 atque
1524 812 1554 843 a
1568 794 1752 843 domno

318 875 513 924 Artoldo
528 911 542 935 ,
586 877 845 923 Remorum
874 873 1243 940 metropolitano
1261 911 1276 935 ,
1325 883 1632 924 consecratur
1660 870 1758 939 epi-

318 969 508 1018 scopuS.

985 1156 1081 1191 LXI.

394 1265 504 1309 Post
522 1261 621 1309 haec
638 1278 754 1309 vero
770 1297 784 1321 ‚
812 1278 893 1309 rex
918 1262 967 1309 in
986 1261 1221 1327 Belgicam
1238 1263 1472 1310 concessit
1486 1298 1500 1323 ,
1524 1261 1687 1327 ibique
1711 1260 1757 1310 ei

320 1341 590 1400 locuturus,
618 1342 733 1388 Otto
752 1356 834 1388 rex
855 1340 872 1364 ²
901 1339 1094 1388 obviam
1117 1340 1263 1388 venit.
1284 1342 1351 1388 Ac
1373 1355 1575 1405 qumque
1599 1353 1758 1388 neces·

320 1418 441 1465 saria
467 1417 767 1477 ordinanteS‚
802 1417 947 1466 ambo
971 1435 1104 1483 reges
1132 1417 1410 1483 Aquisgrani
1428 1415 1610 1465 Pascha
1639 1414 1757 1465 cele-

320 1495 486 1556 brant,
513 1506 656 1562 atque
680 1496 830 1544 multa
853 1497 1115 1545 reverentia
1146 1513 1249 1545 sese
1279 1506 1450 1566 mutuo
1478 1494 1725 1544 honorant
1738 1529 1754 1555 ,

321 1584 464 1639 atque
486 1574 582 1622 hoc
605 1574 667 1623 ab
691 1577 871 1624 Ottone
887 1575 1119 1642 amplius3
1146 1591 1175 1623 a
1197 1586 1296 1641 quo
1320 1574 1464 1623 etiam
1487 1572 1757 1642 Ludoiiqm

320 1653 458 1718 regiis
480 1653 622 1701 donis
639 1653 965 1703 liberalissime
986 1653 1269 1702 honoratur.

561 1781 677 1816 an.
695 1800 745 1809 —
759 1782 840 1816 Dux
856 1751 1012 1816 drbem‘
1029 1780 1265 1816 Remmiam·
1279 1779 1508 1828 impugnat&

389 1870 627 1919 Dumhaec
640 1872 705 1920 ita
718 1889 820 1920 sese
836 1871 1068 1920 haberent
1081 1908 1094 1933 ‚
1110 1871 1207 1919 dux
1228 1871 1291 1919 de
1307 1871 1430 1936 regis
1444 1868 1758 1937 injuriaapud

323 1967 436 1998 suos
450 1949 681 2015 agitabat,
703 1951 1075 2016 oportunitatem
1093 1951 1140 1997 in
1160 1951 1282 2015 regis
1300 1949 1515 1998 absentia
1525 1963 1756 2009 assuens,

322 2045 417 2093 qua
457 2028 628 2077 urbem
671 2031 929 2077 Remorum
969 2029 1123 2095 capiat
1147 2065 1160 2089 ,
1206 2045 1318 2077 cum
1354 2038 1469 2076 tunc
1506 2025 1621 2075 urbs
1663 2036 1758 2074 tam

322 2108 547 2173 episcopo
580 2124 727 2173 quam
750 2107 977 2156 militibus
1004 2124 1155 2155 vacua
1187 2117 1329 2167 esset,
1365 2123 1449 2155 rex
1479 2106 1624 2155 etiam
1655 2104 1759 2172 ipse

322 2185 435 2232 alias
458 2196 717 2251 occupatus
743 2186 833 2233 alia
855 2195 1089 2251 quereret.
1115 2185 1253 2233 Unde
1271 2195 1319 2233 et
1334 2182 1559 2251 possibile
1588 2198 1760 2231 assere·

324 2261 429 2322 bat,
452 2262 573 2311 sacili
592 2265 940 2329 expugnatione
966 2263 1133 2311 urbem
1158 2264 1288 2329 capi;
1311 2263 1456 2328 idque
1480 2270 1760 2327 attemptare

324 2355 425 2387 sese
453 2338 714 2406 plurimum
743 2340 879 2388 velle.
915 2340 1100 2399 Quibus
1135 2340 1304 2388 milites
1323 2339 1449 2406 capti
1465 2375 1478 2399 ‚
1509 2339 1558 2386 in
1591 2337 1760 2386 urbem

326 2416 581 2465 mittendas
606 2417 829 2466 cohortes
858 2427 1068 2466 censent.
1098 2421 1215 2476 Quae
1242 2417 1475 2476 collectae,
1502 2432 1614 2464 cum
1637 2414 1761 2463 duce

323 2493 617 2559 gradiuntur.
653 2494 831 2543 Urbem
863 2505 1123 2562 appetunt,
1159 2506 1207 2544 et
1235 2497 1606 2561 circumquaque
1640 2492 1763 2542 obsi-

372 2635 390 2654 *
418 2634 561 2677 urbem,
578 2645 697 2668 ensem
713 2634 782 2677 im,
798 2641 860 2669 unt
874 2634 1013 2668 abscisa.

375 2695 385 2715 ⁸
413 2707 441 2730 s.
468 2694 620 2730 donatus
639 2707 709 2728 ‘vos
719 2696 793 2739 jam
816 2693 935 2729 deleta.

372 2751 387 2772 ⁸
413 2765 441 2784 r.
460 2752 601 2798 belgicat
618 2750 737 2786 deleta.
