1962 3262
337 234 382 272 1⁴
837 230 1053 271 fluent-:m
1086 230 1184 273 un.
1222 230 1252 269 Ι.

333 318 432 364 haec
462 315 704 382 provincia
737 316 780 362 ei
810 315 1131 372 conseri-etum
1163 316 1224 362 ita
1252 325 1408 363 tannen
1447 327 1515 377 ut,
1547 318 1763 368 idolatria

337 402 523 468 penitus
545 400 723 458 relicta,
759 401 1023 450 christianae
1050 401 1262 466 religioni
1296 418 1346 448 se
1370 402 1571 450 fideliter
1592 403 1766 452 manci-

335 497 484 554 paret,
513 503 700 535 necnon
726 497 773 534 et
798 487 985 552 regibus
1002 486 1259 536 Galliarum
1280 498 1401 536 terra
1421 490 1635 555 marique
1650 488 1767 541 fide-

336 573 441 621 liter
457 571 693 621 militaret.
711 573 860 636 Hujus
874 573 1129 639 provinciae
1146 574 1439 640 metropolis,
1460 574 1767 625 Rhodum

335 675 438 708 esse
454 659 734 717 dinoscitur,
755 674 836 706 sex
860 667 1046 707 tantiam
1072 658 1291 719 urbibus,
1320 661 1501 726 Bajocis
1524 660 1764 723 videlicet,

339 737 641 796 Abrincanto,
680 735 892 795 Ebrocis,
919 737 1076 802 Sagio,
1111 738 1413 797 Constantine,
1460 739 1612 787 Liscio
1630 776 1644 799 ‚
1671 740 1768 789 vim

337 843 433 874 suae
457 823 798 873 dominationis
821 822 1090 871 intendens.
1120 824 1252 871 Hanc
1269 823 1428 890 itaque
1444 842 1503 874 ex
1521 827 1718 893 antiquo
1741 844 1768 876 a

338 913 502 980 piratis
515 926 783 977 possessam
797 926 900 958 esse
918 908 1218 957 manifestum
1233 919 1320 958 est.
1337 910 1431 960 Sed
1446 922 1645 978 paterna
1656 922 1771 962 tunc

287 1022 290 1026 ⁴
335 1000 499 1048 sevitia
522 998 652 1046 ducti
666 1033 679 1056 ‚
708 998 757 1044 in
782 997 1020 1063 principes
1037 996 1319 1044 dissidentes
1336 998 1492 1047 mol'ni
1514 1010 1766 1063 conmmr.

340 1085 488 1134 Unde·
509 1095 556 1145 et
579 1083 836 1132 latrociniis
862 1099 917 1131 ac
941 1081 1316 1132 discursionibus
1348 1085 1660 1136 Brittanniam
1690 1088 1774 1136 mi·

339 1189 531 1231 norem,
560 1187 666 1236 quae
689 1180 759 1218 est
781 1168 943 1218 Galliae
959 1169 1183 1233 contigua
1207 1179 1350 1234 atque
1374 1168 1604 1231 militans,
1636 1170 1774 1220 infes-

340 1271 440 1308 tare
463 1257 824 1324 aggrediuntur3
853 1256 1016 1320 reique
1039 1256 1341 1303 occasionem
1364 1257 1508 1316 nacti,
1529 1256 1677 1306 fide-i
1697 1274 1777 1324 pe·

341 1348 468 1395 nitus
499 1345 815 1410 abrumpunt,
856 1342 1145 1407 ulteriusque
1174 1342 1448 1408 procedunt,
1474 1344 1524 1391 in
1552 1342 1773 1404 Galliam,

341 1450 397 1482 ac
423 1432 794 1496 circumquaque
809 1428 1039 1496 palantes,
1059 1427 1200 1493 longe
1217 1427 1405 1494 iateque
1418 1428 1773 1492 diffunduntur-3

343 1520 643 1576 feminarum,
664 1532 944 1583 puerorum,
964 1513 1223 1582 pecudum,
1240 1525 1600 1582 ceterammque
1616 1534 1776 1578 terum

345 1623 445 1655 non
474 1604 716 1654 modicam
748 1602 958 1669 praedam
987 1601 1291 1651 abducentes.
1326 1603 1636 1670 Recipiuntur
1660 1621 1777 1654 vero

341 1710 458 1742 cum
486 1692 562 1740 his
600 1689 826 1739 omnibus
857 1705 993 1738 secus
1024 1690 1293 1753 Sequanam
1330 1689 1439 1738 loco
1469 1689 1552 1755 qui
1587 1691 1778 1740 Givotdi

346 1778 469 1827 fossa
487 1786 805 1843 nuncupatur.
831 1780 894 1823 Ac
919 1774 1046 1823 idem
1070 1775 1227 1842 sepius
1250 1777 1476 1841 aggressi,
1497 1776 1660 1827 Galliae
1681 1774 1782 1828 cel.

348 1865 449 1937 tica-3
470 1874 673 1931 partem,
700 1880 806 1928 quae
829 1865 1059 1927 Sequanae
1076 1863 1322 1928 Liger-ique
1339 1864 1494 1912 fluviis
1516 1865 1776 1931 interjacet,

347 1969 452 2018 quae
466 1962 514 2001 et
529 1941 743 1999 Neustria
759 1959 1078 2015 nuncupatur,
1101 1959 1249 1997 totam
1270 1967 1394 2016 pene
1415 1939 1630 2000 inseemi
1646 1962 1775 2001 mnt.

348 2042 525 2106 Hisque
539 2040 702 2088 animo
717 2038 885 2095 inerat,
907 2036 1154 2084 interiores
1168 2035 1429 2086 Galliarum
1441 2048 1601 2104 partes
1615 2038 1781 2088 irrum-

346 2144 484 2196 pere,
512 2141 772 2190 earumque
797 2132 959 2188 gentes
981 2133 1063 2170 aut
1096 2139 1122 2170 a
1158 2122 1332 2171 finibus
1356 2123 1548 2190 pellere,
1574 2134 1659 2174 aut
1678 2142 1782 2192 gn-

347 2214 548 2263 vissimis
570 2212 854 2260 substituere
873 2208 1074 2257 tributis·
1106 2210 1157 2257 ld
1182 2211 1326 2257 etiam
1349 2220 1461 2258 ante
1487 2211 1615 2272 fleri,
1635 2227 1781 2278 quam

348 2301 398 2349 in
432 2315 719 2349 consensum
757 2297 996 2363 principes
1031 2305 1382 2355 revocarentur,
1436 2295 1779 2358 accelerabant,

350 2384 623 2453 hujusmodi
638 2382 931 2443 dissidentia,
952 2370 1440 2450 pecuniasGalliarum
1456 2399 1559 2431 sese
1573 2376 1787 2452 asporta-⁸
1814 2423 1816 2427 .

351 2487 499 2534 turos,
519 2472 775 2522 certissime
790 2472 893 2518 rati.
916 2473 1134 2529 Quorum
1151 2469 1371 2535 impetus,
1384 2467 1551 2517 Catillo
1566 2469 1781 2537 principe

351 2561 602 2609 ferebatur.
639 2558 878 2624 Principes
895 2566 1024 2604 tanta
1049 2555 1361 2603 barbarorum
1393 2555 1651 2620 ignominia
1666 2572 1780 2604 oon-

354 2648 460 2695 fecti
472 2684 485 2706 ,
505 2646 566 2695 de
581 2661 699 2712 pace
714 2643 936 2693 habenda
959 2660 1046 2709 per
1060 2643 1266 2708 legatos
1255 2652 1376 2692 inter
1393 2659 1494 2691 sese
1517 2641 1778 2709 admodtnn

350 2743 581 2798 quaerunt.
621 2734 715 2778 Nec
751 2730 832 2777 diu
874 2730 1067 2787 morati,
1117 2730 1222 2793 jure
1261 2729 1506 2786 obsidum,
1544 2730 1592 2778 in
1629 2743 1778 2777 unum
