1962 3262
322 256 402 294 262
816 255 1037 299 menam
1071 255 1169 296 mn.
1202 256 1260 297 11.

320 355 455 388 mero
479 340 894 405 etiamagasonum
920 340 1092 390 milites
1107 357 1220 389 cum
1237 350 1373 409 patre
1391 358 1500 391 meo
1522 343 1669 408 jurati
1691 343 1755 394 ad

319 417 647 484 peragendum
671 418 740 467 rei
754 420 1000 484 negotium
1015 418 1299 485 diriguntur.
1331 422 1570 486 Agasones
1597 421 1758 489 impie

320 513 524 545 numero
542 499 606 547 60
631 498 831 565 sumptis
848 498 992 546 armis
1028 515 1164 547 more
1187 498 1327 547 solito
1360 516 1449 566 per
1471 500 1651 549 montis
1676 499 1759 550 de-

321 578 439 623 vexa
455 574 688 642 capitibus
710 575 911 643 pilleatis
927 613 940 635 ,
981 576 1044 625 ad
1062 575 1344 643 farraginem
1362 576 1677 627 descendunt.
1698 581 1760 628 Et

321 652 447 700 circa
458 653 635 702 carices
646 653 968 719 colligendos·
992 655 1231 723 occupati,
1254 672 1442 704 moram
1457 655 1760 723 regrediendi

321 728 660 797 aliquantisper
676 731 870 780 faciunt.
894 736 951 780 At
963 742 1099 799 pater
1113 750 1248 782 meus
1271 744 1320 783 et
1337 734 1370 782 ii
1394 735 1476 800 qui
1487 734 1633 799 jurati
1646 751 1760 786 cum

323 823 383 855 eo
402 818 538 856 erant
552 845 566 869 ‚
594 809 865 859 vehementi
902 811 1065 859 animo
1098 811 1392 874 succedunt;
1428 812 1650 879 factoque
1685 829 1761 880 ag-

325 886 454 934 mine
477 886 678 953 pilleatis
693 889 927 955 capitibus
951 906 1086 938 more
1108 906 1372 955 agasonum
1385 907 1499 939 cum
1528 890 1763 942 fasciculis

326 963 569 1029 farraginis
608 967 931 1033 tempestivius
959 967 1167 1016 reditum
1194 967 1487 1030 accelerant,
1528 970 1761 1035 magnitu-

326 1041 439 1090 dine
464 1043 795 1093 fasciculorum
812 1045 971 1094 vultus
999 1047 1190 1113 penitus
1212 1045 1461 1096 abdentes.
1482 1047 1671 1106 Quibus
1682 1048 1764 1098 ad-

327 1121 627 1171 venientibus
655 1133 795 1189 porta
824 1123 1057 1191 patefacta
1080 1135 1167 1172 est.
1190 1127 1249 1173 Et
1266 1123 1458 1173 indivisi
1482 1124 1654 1175 urbem
1685 1143 1768 1194 pe-

330 1208 534 1247 netrant.
557 1201 850 1249 Fasciculos
839 1211 997 1267 itaque
1015 1201 1245 1267 abjiciunt
1262 1213 1311 1251 et
1324 1202 1508 1268 gladios
1530 1203 1760 1254 eductmt.

328 1277 471 1325 Tubis
504 1290 788 1345 personant,
831 1282 1109 1347 magnisque
1139 1281 1430 1330 clamoribus
1459 1281 1630 1332 urbem
1651 1299 1768 1332 con·

331 1355 540 1405 turbant.
563 1357 741 1406 Urbani
756 1375 870 1424 ergo
884 1359 1078 1408 insidias
1095 1361 1470 1427 comperientes,
1496 1377 1610 1409 cum
1623 1362 1769 1411 armis

333 1434 381 1481 in
407 1434 567 1483 hostes
585 1435 818 1485 seruntur.
856 1441 1037 1487 Instant
1059 1455 1250 1500 omnes,
1283 1449 1332 1488 et
1347 1438 1635 1488 validissime
1667 1438 1772 1507 plu-

334 1516 442 1564 rimi
465 1533 647 1583 paucos
671 1517 919 1584 adurgent.
943 1523 1001 1568 At
1018 1521 1132 1586 regii
1156 1520 1353 1581 milites,
1393 1537 1424 1569 a
1444 1519 1550 1569 leva
1572 1519 1770 1587 quidem

335 1595 453 1643 turri
469 1631 484 1656 ,
524 1612 553 1644 a
581 1595 747 1645 dextra
771 1615 886 1646 vero
910 1597 1158 1659 domibus,
1195 1616 1224 1647 a
1259 1609 1392 1665 tergo
1427 1608 1588 1647 autem
1626 1615 1768 1647 muro

336 1672 467 1721 urbis
481 1674 868 1740 protegebantur,
896 1693 1094 1725 omnem
1114 1677 1212 1724 vim
1235 1675 1349 1725 belli
1372 1685 1483 1724 ante
1505 1674 1767 1739 habentes3

338 1750 467 1799 unde
482 1761 530 1799 et
547 1753 693 1800 nitius
716 1753 1164 1820 congrediebantur.
1188 1756 1286 1801 Nec
1310 1753 1506 1802 ulterius
1534 1753 1585 1801 in
1608 1751 1772 1803 hosta

338 1828 579 1878 audebant
594 1831 843 1897 progredi,
864 1849 927 1880 ne
950 1831 1207 1880 adversarii
1237 1847 1266 1879 a
1289 1841 1422 1896 tergo
1446 1842 1637 1899 portam
1664 1847 1773 1900 per·

339 1923 500 1955 vasam
517 1919 807 1975 repeterent,
835 1919 883 1957 et
906 1926 967 1958 ne
984 1911 1052 1957 sic
1071 1910 1181 1958 facti
1206 1909 1419 1958 hostium
1436 1908 1584 1958 medii
1597 1945 1612 1972 ,
1633 1910 1774 1960 inter-

340 1989 477 2037 irent.
521 1992 669 2039 lnstat
701 1991 861 2057 itaque
891 1992 1093 2057 quisque
1128 1991 1178 2039 in
1213 1990 1323 2039 loco
1359 2008 1507 2056 quem
1539 1990 1768 2058 possidet.

340 2068 400 2114 Et
412 2067 512 2131 jam
530 2068 732 2116 nimium
749 2086 919 2117 omnes
944 2070 1138 2118 sauciati
1168 2086 1292 2135 pene
1323 2069 1633 2132 deficiebant,
1659 2087 1772 2120 cum

341 2145 478 2209 regiae
503 2146 726 2194 cohortes
753 2147 879 2195 tubis
912 2148 1121 2195 excitatae
1142 2184 1155 2207 ,
1192 2147 1254 2195 ab
1281 2147 1455 2196 abditis
1483 2158 1771 2216 erumpunt,

266 2236 271 2243 ·
342 2222 588 2288 multoque
606 2224 787 2290 impetu
795 2225 895 2289 jam
913 2242 1066 2292 prope
1081 2226 1216 2273 victis
1231 2226 1521 2275 subveniunt
1534 2263 1548 2288 ,
1568 2237 1776 2294 portam-

342 2316 437 2365 que
473 2301 717 2358 defensam
753 2303 1088 2368 ingrediuntur
1102 2340 1116 2364 ,
1161 2314 1303 2370 atque
1332 2304 1544 2354 urbanos
1578 2305 1776 2356 immani

340 2377 469 2427 caede
485 2378 783 2428 adoriuntur.
807 2382 902 2439 Qui
921 2398 1033 2429 mox
1049 2399 1077 2430 a
1102 2381 1380 2430 cohortibus
1394 2383 1507 2432 victi
1520 2419 1535 2444 ‚
1569 2399 1628 2432 ac
1647 2399 1778 2432 com-

341 2456 565 2521 prehensi
581 2468 714 2518 sunt,
749 2469 917 2525 praeter
947 2477 1128 2526 paucos
1150 2461 1234 2526 qui
1263 2461 1313 2509 in
1343 2461 1484 2510 turris
1503 2461 1776 2529 praesidium

343 2550 445 2582 sese
463 2539 760 2602 receperunt.

396 2692 405 2712 ¹
434 2692 505 2726 loco
520 2693 689 2727 verborum
703 2709 715 2728 .·
737 2694 779 2730 Et
798 2708 828 2730 c-
851 2710 883 2730 c.
911 2694 1126 2742 colligendos
1142 2698 1174 2730 iu
1191 2698 1336 2742 margin«
1350 2698 1503 2744 scriptum
1515 2710 1527 2730 .·
1540 2695 1646 2732 Unde
1655 2696 1773 2732 etism.
