1962 3262
320 258 396 293 loo
814 249 1032 291 luentem
1065 250 1164 291 Lm.
1201 253 1231 291 1.

790 372 867 407 Lu.
884 392 931 399 —
947 372 1044 407 latine
1059 372 1207 407 defectio
1220 376 1252 407 ⁶.

374 475 505 519 Tunc
529 471 669 518 etiam
697 469 807 517 luna
830 469 1178 535 quartadecima
1197 481 1329 518 terrae
1354 470 1541 534 objectu
1569 469 1732 520 obscu-

313 559 432 608 rata,
460 547 635 596 visibus
665 547 946 595 intuentium
976 547 1159 595 defecit.
1197 548 1325 595 Acies
1359 564 1551 613 quoque
1587 548 1731 613 ignee

314 629 467 676 Remis
489 627 535 674 in
560 626 662 674 celo
687 626 795 672 visae
818 635 943 673 sunt.
972 625 1155 684 Quibus
1173 626 1551 692 praesagientibus
1567 626 1727 692 signis,

310 705 508 754 febrium
546 721 600 751 ac
636 701 961 750 tussicularum
1003 702 1197 750 morbus
1230 721 1258 751 e
1293 704 1485 769 vestigio
1521 704 1726 770 irrepsit;

310 781 437 829 unde
455 778 671 828 nonnulli
688 778 901 826 loetaliter
914 778 1084 840 affecti,
1102 780 1382 829 occubuere.
1400 783 1519 828 Cum
1533 780 1606 828 his
1617 797 1732 846 quo·

307 878 402 925 que
433 870 479 907 et
511 858 662 906 litium
688 857 990 905 tumultuatio
1019 858 1139 906 inter
1164 874 1322 922 regem
1354 876 1409 906 ac
1434 858 1730 907 Hei-ibertum

308 940 388 1004 qui
415 937 640 985 Karolum
665 936 753 983 sub
773 935 986 983 custodia
1007 935 1265 995 detinebat,
1286 952 1385 983 nou
1402 937 1589 985 modica
1603 936 1730 984 'sub-

308 1027 465 1065 secuta
482 1026 624 1081 atque
645 1015 901 1079 exagitata·
928 1024 1014 1072 est,
1035 1031 1095 1061 eo
1112 1014 1244 1079 quod
1264 1014 1534 1062 Hei-ibertus
1547 1014 1608 1062 ab
1622 1031 1732 1079 rege

309 1096 451 1142 nimia
477 1092 744 1160 expetebat,
786 1109 864 1139 rex
892 1108 1005 1139 vero
1031 1101 1196 1157 utpote
1233 1090 1476 1139 insatiabili
1511 1091 1626 1139 nihil
1660 1108 1732 1140 ac·

308 1170 659 1219 commodabat.

533 1303 629 1337 Lm.
648 1322 695 1329 —
707 1302 859 1336 Karalus
871 1302 889 1323 ¹
900 1303 919 1323 ’
941 1301 1107 1336 liberatur
1119 1302 1135 1324 ⁶
1145 1302 1164 1323 ⁴
1185 1302 1230 1336 ab
1251 1301 1432 1336 Heriberm
1443 1302 1503 1335 ⁴¹⁶.

375 1415 484 1480 Regi
514 1430 626 1478 ergo
652 1413 802 1460 minas
823 1411 1094 1461 Heribertus
1115 1412 1386 1471 intendens,
1416 1412 1639 1461 Kar-olum
1664 1429 1733 1463 re-

311 1511 416 1558 gem
435 1510 462 1541 a
479 1509 667 1540 carcere
690 1490 915 1539 eductum
939 1492 987 1538 in
1005 1507 1178 1557 pagum
1203 1490 1637 1540 Veromandensem
1653 1490 1732 1539 de-

311 1571 465 1630 duxit,
498 1587 596 1618 non
630 1580 681 1618 ut
711 1586 857 1634 regno
887 1568 1038 1617 fidelis
1063 1586 1174 1617 eum
1207 1570 1490 1628 restitueret,
1520 1578 1569 1616 at
1595 1578 1651 1616 ut
1675 1585 1732 1617 ex

313 1648 413 1711 ejus
429 1646 680 1695 eductione
697 1645 903 1710 aliquam
921 1645 1149 1710 suspectis
1164 1644 1472 1692 formidinem.
1484 1645 1727 1692 incuteret.

314 1725 617 1773 Nortmannis
641 1725 798 1788 itaque
821 1723 1055 1770 accersitis
1070 1732 1212 1787 atque
1238 1721 1365 1786 apud
1395 1722 1628 1787 oppidum
1647 1724 1735 1768 Au·

228 1803 232 1808 ’
314 1818 422 1867 gam
445 1800 651 1849 collectis
678 1815 788 1847 eum
808 1798 825 1823 ²
853 1798 1066 1857 deducit,
1095 1797 1254 1887 ibique
1271 1796 1393 1844 filius
1418 1796 1627 1845 Rollonis
1648 1812 1734 1862 py-

316 1890 451 1939 ratae,
488 1878 550 1928 de
584 1879 717 1943 cujus
752 1877 1075 1925 interfectione
1108 1877 1207 1941 jam
1250 1875 1448 1924 relatum
1483 1885 1578 1935 est,
1616 1874 1736 1941 regis

318 1957 536 2005 manibus
559 1973 661 2004 sese
683 1955 990 2003 militaturum
1014 1954 1290 2013 committit,
1326 1952 1564 2019 fidemque
1591 1968 1735 2019 spon·

319 2036 423 2095 det,
446 2052 501 2084 ac
518 2043 812 2083 sacmmento
829 2032 999 2080 firmat.

321 2168 415 2202 mv.
425 2186 472 2194 -
481 2166 655 2202 Sententia
667 2164 732 2189 ”⁸
749 2176 848 2212 papa
870 2165 906 2198 in
924 2164 990 2185 ’θ’
1007 2162 1199 2197 liudulfum
1210 2162 1272 2185 ω
1290 2162 1396 2210 petita
1405 2188 1415 2205 ,
1427 2162 1472 2196 ab
1483 2161 1666 2196 Heu-ibam
1676 2161 1740 2183 ’⁹’

925 2221 1051 2267 rejecta
1065 2219 1143 2253 θ’.

389 2317 567 2365 Exinde
592 2315 862 2364 Heribertus
882 2314 1085 2362 Rodulfo
1105 2314 1201 2378 regi
1220 2311 1460 2370 invidenS,
1481 2310 1743 2359 admodum

325 2395 647 2445 insidiabatur.
680 2393 815 2440 Unde
846 2403 893 2439 et
915 2409 1024 2439 cum
1059 2391 1232 2439 Karolo
1266 2392 1435 2437 Remos
1461 2389 1740 2448 deveniens,

373 2531 391 2549 ’
418 2527 483 2569 de,
501 2526 536 2561 io
553 2539 593 2559 a
612 2526 747 2572 conjece.

373 2587 389 2605 ⁵
402 2584 420 2605 ⁶
447 2582 561 2625 mim,
576 2589 694 2616 entur
708 2580 773 2622 ab,
790 2580 889 2614 berto
903 2593 944 2613 a
964 2580 1099 2625 conject.

375 2640 437 2661 ”⁶
464 2647 566 2680 men,
583 2648 683 2684 papo
701 2636 751 2678 in,
769 2634 905 2670 dulfum
921 2662 930 2677 ,
948 2634 1130 2669 Hei-iberto
1146 2635 1216 2680 reje
1231 2645 1270 2666 σι
1282 2634 1417 2677 conjece.

377 2696 385 2715 ⁸
416 2693 554 2729 modica
570 2700 691 2728 exorta
710 2700 759 2726 est
778 2693 810 2725 1.

373 2751 387 2771 ¹
415 2750 596 2784 Kar-olum.
624 2751 634 2782 1
649 2775 653 2781 .
