1962 3262
319 242 395 283 1⁴2
813 239 1029 281 menam
1062 240 1162 281 ΗΒ.
1196 240 1252 279 ΙΙ.

316 322 404 370 bus
427 320 721 381 cohortibus,
744 321 914 386 usque·
940 320 1173 387 oppidum
1190 335 1312 386 pene
1330 319 1536 368 devenit.
1548 320 1631 369 sot
1641 321 1742 386 jam

315 399 568 448 occiderat.
593 398 813 447 Proditor
836 416 923 465 per
945 407 1134 465 portam
1151 396 1386 463 quosdam
1400 397 1743 459 emiseram-cai

314 479 471 543 aliqua
487 476 618 525 utilia
631 485 894 525 curaturos·
928 475 1064 524 Unde
1086 474 1134 524 e't
1158 476 1258 543 ipse
1275 476 1323 523 in
1348 491 1488 523 muro
1512 485 1663 536 stans,
1683 475 1747 524 fa-

314 572 420 604 cem
443 554 821 603 ardentissimam
844 552 1166 620 praetendebat
1180 589 1194 614 ,
1230 553 1375 600 veluti
1402 552 1587 602 famulis
1610 554 1747 603 emis-

315 634 377 681 sis
401 633 563 681 lumen
595 632 964 691 ministraturus,
993 646 1092 696 quo
1119 630 1262 679 etiam
1286 630 1477 678 luminis
1499 631 1636 696 signo
1658 646 1746 698 per

315 711 492 776 legatos
515 708 696 758 aditum
722 706 1077 773 significaverat.
1107 710 1210 755 Huc
1239 707 1460 756 Arnulfus
1482 725 1595 756 cum
1618 709 1748 775 equi·

316 797 414 836 tatu
433 788 637 845 irruens,
667 803 754 852 per
775 795 965 852 portam
988 795 1229 852 patentem
1255 786 1488 853 oppidum
1513 787 1747 852 ingressus

315 876 400 915 est.
432 869 596 930 quue
614 864 816 930 potitus,
843 863 1023 911 Erluini
1038 879 1235 911 uxorem
1257 879 1368 911 cum
1386 862 1492 912 filiis
1512 864 1662 930 capit,
1689 880 1746 912 ac

315 942 415 1006 ejus
434 942 681 990 thesauros
710 940 887 1007 diripit.
917 940 1138 988 Erluinus
1152 956 1267 988 vero
1289 939 1455 989 habim
1472 942 1741 999 immutato,

315 1037 342 1067 e
361 1019 519 1067 medio
535 1018 746 1066 hostium
763 1018 949 1085 elapsus
965 1027 1051 1066 est.
1082 1017 1300 1066 Arnulfus
1314 1035 1508 1084 quoque
1522 1019 1746 1067 omnibus

317 1097 543 1162 pervasis,
587 1095 768 1163 oppido
801 1113 912 1143 suos
945 1095 1162 1162 deputat,
1200 1094 1381 1143 Erluini
1408 1112 1605 1145 uxorem
1633 1114 1744 1146 cum

317 1175 437 1222 natis
457 1174 728 1223 AEdelstano
762 1174 858 1239 regi
890 1173 1146 1238 Anglorum
1171 1173 1431 1222 servandos
1463 1183 1593 1223 nans
1615 1191 1746 1223 mare

317 1251 551 1319 deportat.
581 1253 752 1317 Sicque
769 1251 830 1299 ad
856 1268 940 1299 sua
964 1250 1146 1318 oppido
1170 1252 1266 1299 suis
1283 1251 1470 1299 munito
1489 1250 1643 1309 rediit.

354 1399 457 1433 xm.
475 1399 781 1445 —Conquestio
814 1399 982 1480 mimi.
1013 1398 1108 1447 pud
1132 1398 1372 1434 wllmum
1398 1397 1724 1435 dumnacum-i

690 1459 850 1505 mriaque
856 1458 1142 1494 ’o'etnatnun
1165 1459 1378 1494 ami-aione·

381 1552 599 1602 Erluinus
632 1570 746 1601 vero
782 1553 860 1600 vix
895 1553 1061 1600 mortis
1086 1552 1299 1618 periculo
1330 1552 1472 1612 liber,
1504 1552 1566 1600 ad
1580 1551 1743 1601 wilel-

318 1647 449 1677 mum
473 1630 736 1696 principem
764 1633 1169 1678 Nortmannorum
1203 1646 1305 1678 sese
1343 1629 1564 1691 contulit,
1599 1630 1744 1697 pluri-

318 1723 444 1754 mam
462 1706 524 1755 de
547 1708 644 1754 suis
667 1706 853 1755 casibus
876 1707 1233 1772 quaerimoniam
1252 1708 1380 1775 apud
1399 1725 1510 1756 eum
1533 1708 1739 1773 agitans,

317 1800 418 1832 sese
456 1785 674 1849 inquiens
705 1783 1034 1843 infeliciorem,
1073 1802 1184 1832 cum
1220 1785 1401 1852 oppido
1441 1795 1489 1834 et
1518 1785 1744 1835 militibus

317 1862 547 1927 privatus,
569 1878 624 1909 ac
640 1878 787 1910 uxore
804 1861 1004 1927 filiisque
1021 1861 1215 1910 orbatus
1227 1899 1240 1921 ‚
1260 1862 1377 1910 nihil
1388 1872 1559 1929 praeter
1568 1879 1744 1931 corpus

318 1939 571 2005 possideat.
600 1942 672 1988 De
689 1938 855 2007 oppidi
870 1940 1122 1988 amissione
1142 1957 1242 1988 non
1260 1957 1311 1989 se
1327 1939 1450 1989 adeo
1464 1940 1605 2003 affici,
1631 1957 1743 1990 cum

319 2018 366 2065 id
391 2018 492 2067 sine
509 2035 594 2085 spe
617 2018 774 2084 aliqua
801 2018 1112 2085 recuperandi
1140 2035 1238 2067 non
1269 2019 1345 2079 sit,
1375 2036 1435 2069 eo
1461 2018 1596 2085 quod
1620 2028 1745 2068 terra

319 2094 591 2155 immobilis,
620 2112 676 2145 ac
699 2094 933 2162 oppidum
964 2097 1308 2145 intransitivum
1331 2099 1405 2146 sit.
1436 2098 1605 2149 Uxoris
1626 2113 1743 2147 vem

318 2191 374 2221 ac
398 2173 605 2222 filiorum
630 2174 849 2239 privatio,
870 2173 1183 2223 calamitatem
1211 2174 1609 2224 interminabilem
1631 2191 1746 2243 prm·

319 2251 514 2300 tendere
522 2252 759 2311 videntur,
780 2269 891 2300 cum
902 2288 916 2313 ,
935 2252 1025 2300 illis
1041 2254 1334 2320 consumptis
1346 2290 1360 2314 ,
1378 2254 1479 2321 ipse
1496 2253 1744 2302 doloribus

318 2329 516 2378 assiduis
540 2340 782 2395 urgeatur,
810 2340 858 2377 et
875 2347 974 2378 non
990 2332 1301 2398 consumptis,
1322 2341 1371 2380 at
1386 2331 1476 2380 sub
1492 2331 1645 2380 aliena
1662 2331 1746 2381 do-

322 2409 581 2456 minatione
599 2407 825 2467 detentis,
845 2408 946 2473 ipse
964 2424 1085 2456 vana
1103 2409 1356 2458 seducatur
1376 2411 1738 2476 exspectatione.

321 2489 479 2544 Quare
504 2502 697 2551 quoque
720 2485 780 2532 ad
811 2485 1015 2551 petenda
1039 2486 1205 2535 solatia
1236 2505 1287 2536 se
1310 2488 1492 2536 venisse
1516 2505 1746 2538 memora·

322 2563 424 2623 bat,
446 2579 501 2611 ac
519 2562 846 2628 gemebundus
865 2562 964 2610 haec
982 2563 1302 2613 indesinenter
1325 2565 1545 2631 petebat.-

373 2693 387 2709 ·
414 2697 462 2731 st,
479 2689 548 2731 ini,
565 2690 609 2730 il,
628 2702 693 2730 ux,
711 2701 775 2730 na,
793 2687 835 2722 ui
856 2688 992 2721 abscisa.

375 2746 382 2764 ¹
411 2744 456 2778 ad
480 2747 512 2778 ¹.
