1962 3262
339 238 393 276 76
840 239 1060 282 menam
1090 239 1190 280 us.
1221 240 1257 280 1.

337 326 619 376 sumeretur,
633 334 691 367 ea
702 334 816 368 vero
832 337 991 368 rerum
1007 320 1299 380 conditione,
1321 331 1371 368 ut
1390 322 1510 385 regis
1526 322 1756 370 sententia

338 409 397 440 ex
412 393 593 443 collatis
615 394 855 445 beneficiis
877 398 1170 458 intemerata,
1187 397 1476 447 Gislebertus
1493 413 1550 446 ea
1573 407 1758 447 tantuin

339 471 480 536 regali
496 472 746 522 clementia
768 475 1012 540 reciperet,
1042 492 1249 541 quorum
1271 492 1564 543 possessores
1578 492 1667 543 per
1688 482 1759 524 tot

340 548 413 596 sui
436 548 559 597 exilii
582 559 796 617 tempora
814 551 915 616 jam
938 552 1168 601 obierant.

965 707 1136 744 XXXIX.

405 788 476 837 Ab
493 790 631 838 exilio
650 792 808 856 itaque
831 803 1095 853 revocatus,
1114 794 1234 857 regis
1257 794 1453 858 gratiam
1477 810 1564 860 per
1578 795 1763 842 Heinri-

345 883 456 914 cum
469 878 692 928 meretur,
707 886 765 917 ea
779 880 956 928 tamen,
973 880 1025 917 ut
1041 870 1222 918 dictum
1233 881 1326 930 est,
1346 871 1639 933 conditione,
1657 881 1712 920 ut
1734 888 1762 921 a

342 943 583 993 beneficiis
617 963 722 1011 quae
751 947 1010 995 insolenter
1037 946 1306 1007 diduxerat,
1342 948 1555 1013 quandiu
1578 965 1763 1016 posses-

343 1039 473 1071 sores
496 1024 708 1072 viverent
730 1035 908 1084 careat3
935 1041 991 1073 ea
1014 1042 1128 1073 vero
1145 1042 1351 1090 quorum
1369 1042 1664 1092 possessores
1678 1044 1766 1095 per

343 1116 495 1148 annos
518 1101 699 1167 aliquot
715 1102 947 1163 obierant,
969 1104 1404 1169 regismiseratione
1415 1114 1611 1170 repetat.
1634 1105 1766 1155 Reci-

344 1178 414 1243 pit
431 1179 589 1244 itaque
609 1197 714 1245 quae
739 1197 768 1228 a
790 1173 1023 1229 defunctis
1046 1181 1240 1246 quidem
1264 1180 1486 1230 derelicta
1511 1181 1766 1244 vaoebnnt,

346 1257 599 1305 maximam
617 1275 809 1306 suarum
825 1276 985 1307 rerum
1002 1269 1203 1325 partem,
1219 1259 1500 1322 Trajectiim‚
1511 1259 1767 1326 suppiam,

347 1334 646 1395 Harstalium,
671 1338 923 1396 Marsuam,
952 1338 1138 1397 Littam,
1166 1341 1558 1403 Capraemontem.
1586 1337 1770 1396 Quibus

343 1412 531 1473 habitis,
555 1413 753 1461 Karolus
776 1431 858 1462 rex
882 1415 932 1462 in
949 1414 1173 1462 Celticam
1199 1414 1342 1474 redit,
1362 1414 1664 1462 Nortmannis
1686 1414 1769 1479 qui

345 1500 580 1539 extremos
603 1491 861 1541 Galliarum
891 1491 1010 1541 sines
1035 1492 1152 1540 locis
1183 1492 1430 1540 maritimis
1459 1489 1764 1550 infestabant,

346 1569 507 1633 copias
547 1569 717 1618 inferre
757 1587 945 1636 parans.
992 1570 1212 1619 Heinrico
1244 1586 1359 1618 vero
1395 1580 1524 1617 trans
1550 1567 1768 1617 Rhenum

346 1655 514 1693 contra
536 1648 772 1695 Sarmatas
799 1647 1030 1713 profecto,
1057 1647 1347 1696 Gislebertus
1363 1663 1450 1714 per
1466 1662 1579 1694 suos
1600 1647 1771 1694 imma·

348 1722 471 1770 niter
493 1723 692 1772 vexabat
714 1734 763 1772 et
778 1723 1006 1773 atterebat
1027 1741 1110 1773 eos
1133 1725 1216 1790 qui
1238 1724 1300 1773 ab
1323 1741 1433 1789 rege
1450 1739 1535 1772 sua
1557 1723 1669 1772 data
1690 1722 1774 1772 ob-

348 1800 576 1849 tinebant.
619 1801 745 1849 Alios
781 1801 1071 1850 clandestina
1109 1802 1353 1850 invasione
1396 1817 1622 1862 enecans,
1654 1800 1773 1851 alios

349 1878 637 1927 incessanter
667 1888 720 1927 ut
748 1895 832 1927 sua
861 1879 1129 1945 relinquant
1150 1879 1408 1945 adurgens,
1436 1878 1774 1936 tandemevin-

349 1957 414 2005 cit
431 1993 445 2017 ,
489 1957 681 2023 suisque
726 1956 950 2005 omnibus
999 1958 1203 2024 potitur,
1254 1957 1562 2006 truculentius
1601 1955 1774 2007 exinde

350 2035 401 2083 in
434 2051 593 2100 regem
625 2033 918 2083 machinans.
947 2037 1175 2083 Socerum
1198 2036 1356 2100 itaque
1387 2034 1509 2095 adit,
1543 2035 1683 2101 eique
1710 2034 1774 2085 ab

351 2130 460 2178 rege
478 2112 736 2172 dissuadet,
746 2112 970 2161 Celticam
985 2113 1135 2162 solam
1152 2114 1249 2178 regi
1267 2130 1407 2179 posse
1423 2111 1638 2161 sufficere
1654 2126 1776 2161 asse·

352 2207 461 2238 rens
475 2225 489 2250 ,
524 2189 759 2254 Belgicam
781 2206 896 2239 vero
919 2200 1061 2256 atque
1083 2192 1389 2239 Germaniam
1419 2206 1528 2255 rege
1556 2189 1650 2238 alio
1671 2189 1776 2256 pln-

351 2269 527 2317 rimum
550 2268 776 2333 indigere.
807 2267 944 2316 Unde
961 2278 1031 2327 et,
1059 2279 1111 2316 ut
1134 2270 1234 2334 ipse
1257 2269 1307 2317 in
1330 2284 1531 2333 regnum
1552 2267 1773 2316 comitari

354 2362 454 2395 non
474 2346 725 2406 abnueret,
760 2345 919 2394 multis
947 2346 1244 2394 suasionibus
1271 2345 1596 2412 permovebat.
1629 2344 1774 2392 Hein-

354 2426 478 2473 ricus
500 2441 615 2474 vero
628 2442 740 2473 cum
763 2424 968 2473 nefanda
987 2442 1098 2473 eum
1115 2425 1313 2473 suadere
1336 2424 1616 2484 adverteret,
1636 2423 1774 2475 dictis

355 2503 595 2552 suadentis
616 2503 879 2552 admodum
897 2504 1088 2563 restitit,
1106 2514 1154 2552 et
1168 2513 1221 2551 ut
1234 2504 1494 2569 quiesceret
1508 2502 1570 2551 ab
1583 2501 1781 2566 illicitis,

358 2583 517 2632 multis
548 2582 992 2649 amplificationibus
1017 2582 1235 2647 agitabat.
