1962 3262
346 266 427 307 204
838 266 1059 311 mcnssm
1091 268 1191 310 Lm.
1226 269 1283 310 ΙΙ.

344 374 425 409 ιιι.
442 373 735 418 -ρωήωωὴ
760 374 850 422 regi·
869 374 965 424 apua
989 377 1144 424 pama-
1160 377 1180 400 ·
1207 375 1254 412 ae
1278 376 1438 424 augona,
1455 376 1475 400 ·
1499 376 1785 424 pane-uma

411 470 551 538 Apud
574 489 698 537 quos
727 473 870 521 etiam
890 491 971 522 rex
989 474 1064 522 his
1079 474 1236 523 verbis
1254 484 1547 540 conquestus
1569 483 1658 524 est.
1687 476 1748 524 Et
1771 494 1784 524 ι

346 569 370 593 «
391 550 476 597 Eia
509 559 583 610 tu,
608 569 632 594 υ
670 550 911 616 inquiens,
945 572 967 596 α
991 552 1157 618 Hugo!
1190 554 1273 601 Eia
1303 563 1373 614 tu,
1409 550 1574 619 Hugo!
1597 553 1789 619 quantis

346 648 368 671 «
390 626 531 676 bonis
563 644 592 676 a
618 638 664 676 te
697 629 936 695 privatus,
972 630 1164 696 quantis
1196 630 1332 679 malis
1355 631 1577 691 affectus,
1604 639 1787 696 quanto

345 725 368 750 «
389 707 533 755 etiam
563 723 752 755 merore
775 724 906 756 nunc
931 707 1174 758 detineor!
1207 698 1387 758 Urbem
1405 712 1789 775 Remorumper-

346 804 369 829 α
388 785 576 845 vasisti3
613 785 901 834 Laudunum
934 787 1217 852 surripuisti.
1253 788 1337 835 His
1371 797 1558 835 tantum
1596 785 1789 835 duobus

344 883 368 907 u
392 863 656 930 recipiebar
670 899 683 923 ‚
706 863 781 911 his
795 863 987 911 duobus
1004 863 1277 913 claudebar.
1303 868 1441 915 Pater
1465 882 1601 914 meus
1619 874 1788 931 captus

344 961 368 986 «
389 952 532 1007 atque
571 943 620 990 in
663 959 903 990 carcerem
935 952 1091 991 trusus
1107 979 1120 1002 ,
1162 942 1250 991 has
1292 960 1399 1010 quae
1440 961 1519 992 me
1560 952 1789 1011 premunt

344 1040 367 1065 α
387 1037 624 1069 aerumnas
638 1038 751 1068 cum
769 1021 928 1069 anima
945 1021 1085 1069 simul
1103 1022 1275 1069 amisit.
1300 1024 1399 1087 Ego
1415 1038 1532 1071 vero
1546 1022 1598 1070 in
1616 1021 1786 1071 eadem

345 1120 368 1144 «
389 1099 706 1166 praecipitatus
719 1136 733 1160 ,
753 1117 811 1147 ex
827 1116 976 1165 regno
994 1109 1196 1166 paterno
1212 1099 1332 1147 nihil
1348 1099 1439 1147 nisi
1461 1098 1785 1166 spectaculum

344 1198 368 1222 «
389 1178 596 1244 praebeo.
631 1181 737 1226 Jam
766 1195 857 1226 nec
882 1178 1040 1225 vivere
1063 1177 1202 1237 libet,
1237 1194 1328 1225 nec
1345 1177 1498 1225 emori
1521 1176 1646 1226 licet.
1674 1179 1786 1237 Quo

345 1276 368 1300 κ
388 1272 468 1305 me
486 1256 648 1321 itaque
665 1256 911 1303 conferam
926 1255 946 1302 Ξ)
967 1274 992 1301 »
1015 1258 1287 1321 Paransque
1302 1254 1509 1322 amplius
1522 1255 1755 1321 conqueri
1768 1291 1782 1315 ‚

340 1332 402 1380 ab
417 1332 777 1398 indignantibus
794 1333 1024 1382 inhibitus
1039 1344 1126 1382 est.
1150 1333 1336 1382 Deinde
1358 1333 1577 1382 animum
1603 1343 1786 1400 tempe-

341 1428 474 1472 rans,
506 1411 762 1460 consilium
786 1428 900 1459 cum
918 1412 1015 1459 suis
1038 1411 1240 1460 confert.

1014 1538 1100 1573 LIII
1106 1563 1116 1573 .

404 1623 515 1680 Quo
527 1621 721 1684 collate,
741 1624 908 1672 Ottoni
926 1624 1026 1689 regi
1038 1641 1127 1690 per
1140 1623 1320 1689 legatos
1334 1623 1639 1689 ereptionem
1646 1638 1784 1671 suam

340 1699 663 1761 demonstrat,
682 1711 822 1749 antea
846 1718 948 1749 sese
966 1712 1186 1768 captum,
1215 1718 1346 1750 nunc
1370 1711 1533 1749 autem
1557 1699 1786 1749 omnibus

340 1778 482 1827 bonis
510 1779 749 1845 privatum
790 1796 1097 1840 memorans3
1126 1779 1256 1828 unde
1286 1790 1335 1828 et
1366 1780 1523 1827 amico
1556 1777 1785 1827 auxilium

368 1857 579 1918 onferat3
614 1857 755 1906 urbes
787 1858 1011 1919 amissas,
1048 1869 1261 1925 repetere
1281 1859 1431 1923 juvet.
1461 1858 1511 1906 Si
1533 1857 1585 1906 id
1608 1857 1780 1920 faciat,

341 1937 543 2002 gratiam
568 1937 768 1985 multam
794 1954 896 1985 sese
920 1936 1033 1985 inde
1052 1947 1545 2004 recompensaturum.
1567 1938 1683 1986 Otto
1700 1935 1786 1984 be-

342 2015 616 2080 nignissime
644 2015 932 2081 legationem
962 2016 1225 2083 excipiens,
1254 2033 1366 2064 cum
1396 2016 1548 2083 copiis
1582 2015 1634 2064 in
1661 2015 1786 2080 regis

342 2093 570 2142 auxilium
597 2111 648 2142 se
674 2094 852 2163 iturum
875 2094 1110 2160 spondet,
1138 2111 1195 2142 ac
1218 2105 1408 2161 tempus
1434 2093 1594 2143 edicit.
1624 2093 1784 2159 Legati

343 2171 570 2233 redeunt,
603 2189 659 2220 ac
692 2171 918 2220 mandata
941 2172 1168 2221 referunt.
1198 2175 1295 2221 Nec
1322 2173 1483 2221 minus
1502 2181 1554 2222 et
1573 2170 1642 2223 d)
1673 2188 1784 2238 rege

342 2251 689 2298 Genaunorum
714 2249 940 2299 Conrado
953 2286 966 2311 ,
988 2252 1151 2318 copias
1166 2252 1313 2319 petit,
1332 2262 1380 2301 et
1393 2251 1581 2318 accipit.

392 2410 412 2429 ’
438 2407 513 2456 pri,
533 2408 659 2455 ugonis
672 2434 682 2451 ,
701 2420 745 2442 ne
762 2408 902 2443 abscisa.
