1962 3262
370 292 451 333 21⁴
868 294 1089 336 menam
1121 295 1218 337 Lm.
1252 296 1310 335 11.

396 412 723 458 [DL—Qualiter
747 413 922 450 Dei-oldus
950 414 1150 520 :dg-drzu
1163 415 1316 494 'medico
1344 415 1541 465 deceptns’
1565 417 1609 455 uit
1631 428 1785 468 euque

1126 472 1152 507 't
1189 498 1197 506 .

434 584 545 640 Quo
558 591 773 648 tempore
787 582 1175 631 Ambianensium
1194 584 1462 650 episcopus,
1476 583 1730 649 Det-oldus,
1744 588 1808 638 ab

372 660 461 707 hac
478 660 574 708 vita
596 659 825 721 decessit,
854 661 926 708 vir
942 661 1211 727 spectabilis
1225 678 1290 710 ac
1310 662 1546 729 palatinus
1560 700 1574 725 ‚
1595 674 1645 713 et
1657 681 1810 732 quon-

370 737 482 786 dam
501 748 549 787 et
565 740 662 803 regi
686 738 951 787 admodum
975 739 1204 801 dilectus,
1226 741 1276 789 in
1301 752 1401 790 arte
1427 742 1674 792 medicine
1689 745 1811 812 peri-

370 818 593 865 tissimus.
631 820 702 866 De
740 835 839 883 quo
871 818 1014 866 etiam
1053 818 1201 868 fertur
1235 820 1396 886 quod,
1432 837 1544 869 cum
1573 821 1734 872 adhuc
1756 824 1807 874 in

368 895 544 961 palatio
586 897 683 962 tegi
722 898 944 957 serviret,
980 915 1008 946 a
1037 898 1253 964 quodam
1285 899 1582 950 Salernitana
1618 900 1808 952 medico

370 974 597 1041 deceptus
620 976 704 1035 sit,
732 993 939 1042 eumque
964 976 1220 1044 deceperit.
1253 978 1442 1026 Etenim
1470 995 1583 1028 cum
1608 990 1809 1047 uterque

371 1054 420 1100 in
438 1063 539 1102 arte
556 1053 804 1102 mediciuae
828 1055 1009 1121 optime
1029 1065 1212 1122 posset,
1235 1065 1283 1103 et
1299 1056 1386 1104 iste
1403 1055 1500 1123 regi
1524 1057 1707 1125 potior,
1727 1061 1810 1107 Sa-

371 1131 632 1180 lernitanus
648 1149 764 1181 vero
783 1134 955 1198 reginae
979 1134 989 1158 ⁸
1020 1134 1220 1201 peritior
1242 1133 1485 1183 videretur
1498 1171 1512 1196 ,
1533 1145 1809 1195 commun

373 1211 494 1275 regis
532 1222 774 1276 repertum
812 1222 884 1260 est
919 1212 1027 1277 quis
1057 1229 1230 1261 eorum
1259 1229 1422 1261 rerum
1445 1223 1637 1266 natum
1661 1213 1812 1280 ungis

371 1288 655 1336 dinosceret.
684 1290 828 1337 Jussit
844 1290 1020 1338 etenim
1043 1306 1207 1338 coram
1223 1307 1274 1338 se
1297 1289 1404 1339 illos
1421 1290 1682 1340 consedere
1695 1308 1812 1340 con-

372 1366 531 1425 vivaS,
566 1382 760 1414 causam
800 1367 868 1415 rei
906 1368 1095 1433 penitus
1126 1366 1458 1430 dissimulans,
1502 1385 1560 1417 ac
1593 1383 1707 1436 sepe
1743 1371 1811 1418 eis

373 1446 647 1510 questiones
677 1461 973 1512 proponens.
1012 1448 1225 1511 Quisque
1263 1456 1315 1494 ut
1344 1455 1532 1513 poterat
1565 1448 1812 1514 proposita

372 1522 602 1571 solvebat.
639 1522 878 1571 Deroldus
900 1523 1097 1589 quidem
1111 1560 1125 1585 ,
1156 1534 1323 1591 utpote
1346 1525 1609 1573 litterarum
1630 1524 1812 1574 artibus

372 1601 602 1661 eruditus,
630 1602 940 1670 probabiliter
956 1603 1143 1669 objecta
1174 1602 1453 1652 diffiniebat.
1484 1602 1811 1652 Salernitana

370 1696 486 1728 vero
510 1680 619 1728 licet
648 1679 778 1728 nulla
801 1680 1065 1729 litterarum
1091 1681 1284 1730 scientia
1300 1681 1526 1749 praedims
1541 1717 1555 1741 ,
1574 1690 1734 1730 tamen
1751 1698 1810 1732 ex

371 1758 564 1823 ingenio
593 1769 796 1818 naturae,
830 1759 1030 1807 multam
1053 1760 1103 1807 in
1132 1758 1275 1807 rebus
1300 1758 1639 1826 experientiam
1668 1758 1813 1808 babe-

373 1836 471 1885 bat.
513 1837 657 1902 Regio
691 1838 851 1903 itaque
868 1837 1004 1903 jussu
1036 1837 1211 1886 cotidie
1249 1835 1529 1899 consident,
1554 1853 1612 1887 ac
1646 1854 1811 1899 mensa

375 1916 499 1981 regia
524 1916 751 1964 continue
770 1932 866 1965 una
889 1917 1153 1983 potiuntur.
1183 1918 1241 1964 Et
1258 1915 1336 1964 die
1359 1911 1570 1981 quadam
1591 1914 1655 1964 de
1676 1914 1812 1965 dina·

377 1994 631 2042 midiarum
672 1994 948 2043 differentiis
989 1994 1282 2061 disputatum
1321 2003 1417 2054 est3
1464 2002 1811 2060 tractatumque

378 2073 569 2121 uberius
591 2072 709 2138 quid
727 2071 899 2121 efficiat
916 2072 1247 2121 farmaceutica
1259 2108 1273 2132 ,
1294 2071 1413 2137 quid
1429 2088 1546 2120 vem
1561 2071 1809 2137 cirurgica,

375 2151 494 2217 quid
528 2152 670 2199 etiam
699 2150 939 2199 butanica.
979 2154 1034 2199 At
1067 2151 1411 2211 Salei-niumm,
1447 2150 1696 2216 peregrina
1725 2164 1814 2199 no-

379 2231 509 2278 mina
542 2247 642 2278 non
670 2229 952 2290 advertens,
995 2229 1057 2278 ab
1089 2246 1258 2278 eorum
1290 2229 1678 2296 interpretatione
1706 2245 1815 2280 eru·

375 2309 575 2358 bescens
608 2310 802 2375 quievit.
843 2308 1028 2358 Invidet
1065 2326 1179 2374 ergo
1215 2308 1504 2375 plurimum,
1534 2324 1593 2356 ac
1623 2308 1676 2359 ὄπ’
1709 2308 1812 2374 ojus

378 2399 583 2437 mortem
613 2405 854 2436 venenum
884 2405 1051 2455 parare
1086 2387 1366 2447 meditatur3
1411 2387 1612 2435 multam
1643 2385 1812 2443 dolose

377 2466 748 2523 benivolentiam
778 2467 1022 2514 simulans.
1053 2470 1222 2514 Parato
1253 2483 1368 2514 vero
1403 2464 1637 2514 maleficio
1652 2502 1666 2528 ,
1705 2482 1817 2515 omn

380 2562 476 2593 una
507 2546 556 2593 in
582 2545 787 2611 prandio
812 2545 1095 2606 residerent,
1140 2545 1462 2593 salernitanus
1486 2561 1650 2612 ungue
1675 2545 1817 2611 inpu-

379 2624 471 2671 dici
507 2625 735 2683 toxicato,
773 2623 1007 2689 liquorem
1038 2625 1213 2692 piperis
1237 2641 1336 2689 quo
1366 2623 1527 2672 cibum
1553 2623 1729 2690 pariter
1750 2624 1819 2671 in-

428 2761 444 2777 *
472 2765 610 2804 ceptus,
631 2757 760 2804 ceperit
776 2756 914 2792 abscisa.

422 2813 431 2833 ⁸
463 2826 491 2846 r.
514 2812 720 2848 Fredernnae
736 2812 887 2846 deletum.

1948 2377 1962 2747 Ξ

1926 2785 1962 3262 3
