1962 3262
350 238 428 277 ωε
832 233 1052 275 menam
1085 206 1183 275 ma.
1215 232 1270 273 u.

398 752 510 789 XLV.
527 767 575 781 -—-
588 753 666 787 Dux
683 750 785 799 regi·
798 763 864 800 per
878 752 1008 799 legato·
1022 750 1175 787 tundet*
1189 760 1227 787 ut
1244 751 1290 787 ab
1300 752 1321 774 ⁸
1337 749 1522 787 obsidione
1532 752 1552 775 ⁶
1562 749 1731 788 d’noednt.

415 874 521 919 Dux
540 887 747 936 namque
771 872 819 918 in
846 871 946 937 ipsa
970 869 1222 919 obsidione
1245 887 1332 937 per
1355 871 1534 935 legatos
1550 871 1702 937 petiit,
1728 880 1784 919 ut

352 948 646 1014 Ragenaldus
668 965 847 1007 comes,
869 948 1069 1015 sumptis
1093 964 1122 996 a
1139 964 1240 995 sese
1255 946 1520 1007 obsidibus,
1539 947 1784 995 locuturus

350 1026 439 1075 sibi
463 1037 696 1075 occurrat.
738 1026 883 1086 Quod
918 1037 965 1074 et
1000 1025 1103 1074 fieri
1138 1026 1200 1074 ab
1233 1042 1341 1092 rege
1375 1041 1656 1074 conoessum
1692 1035 1778 1074 est.

351 1106 568 1154 Dii-ectus
603 1106 762 1170 itaque
797 1104 887 1152 sub
928 1103 1152 1152 obsidum
1187 1103 1295 1168 jure
1329 1101 1391 1151 ad
1426 1102 1601 1151 duoem
1632 1102 1779 1152 venit.

352 1182 490 1250 Apud
515 1199 661 1249 quem
685 1182 782 1230 dux
815 1181 898 1230 diu
934 1180 1218 1242 deliberans,
1258 1180 1452 1229 tandem
1488 1176 1599 1246 agit,
1626 1189 1681 1228 ut
1704 1194 1786 1229 rex

352 1258 413 1308 ab
438 1259 664 1326 episcopo
683 1269 730 1308 et
758 1257 952 1307 urbanis
976 1258 1167 1307 obsides
1193 1258 1445 1325 accipiens,
1466 1257 1528 1306 ab
1544 1254 1675 1308 urbis
1698 1273 1787 1325 op·

352 1337 642 1404 pugnatione
668 1335 898 1395 discedat,
933 1337 1157 1403 quatinus
1184 1353 1490 1402 quocumque
1520 1346 1569 1385 et
1590 1333 1787 1402 quando

354 1432 435 1463 rex
460 1414 588 1474 velit,
616 1414 746 1462 idem
762 1414 1016 1480 episcopus
1029 1414 1268 1463 rationem
1287 1414 1558 1463 redditurus
1568 1413 1782 1465 ,necoda

355 1492 652 1557 Ragenaldus
672 1491 807 1540 ducis
827 1492 1043 1540 animum
1062 1492 1160 1557 regi
1175 1492 1437 1558 perferens,
1463 1507 1521 1541 ac
1534 1490 1788 1541 eonsilium

353 1569 644 1636 approbanS,
679 1568 731 1617 id
769 1567 872 1616 fieri
909 1567 1153 1617 suadebat.
1203 1567 1557 1633 Obsidibusque
1588 1567 1789 1634 sumptis

355 1647 559 1707 idoneis,
586 1663 668 1695 rex
686 1645 989 1694 obsidionem
1006 1645 1193 1694 decima
1214 1646 1382 1711 quinta
1402 1645 1481 1693 die
1499 1644 1656 1706 solvit,
1674 1654 1790 1694 tem-

356 1742 542 1792 pusque
564 1723 811 1773 audiendoe
838 1724 1058 1771 rationis‘
1083 1732 1194 1790 post
1211 1722 1314 1771 dies
1330 1721 1671 1790 quadraginta,
1697 1720 1789 1770 snb

356 1803 460 1869 ipsa
487 1800 808 1850 Kalendarum
832 1800 1060 1848 luliarum
1086 1799 1192 1861 die,
1228 1800 1487 1849 constituit.
1531 1798 1642 1848 Aliis
1674 1814 1787 1869 ergo

356 1880 547 1929 interim
565 1880 756 1940 curatis,
777 1878 878 1927 dies
891 1876 1102 1926 habendi
1127 1877 1354 1943 colloquii
1377 1877 1599 1940 advenit;
1626 1885 1674 1926 et
1690 1873 1788 1928 dux

358 1958 420 2008 de
434 1958 679 2026 superiore
705 1956 896 2023 negotio
914 1955 1178 2015 locuturus,
1207 1954 1378 2003 obvius
1401 1955 1499 2021 regi
1523 1953 1672 2004 affinit.
1700 1957 1789 2003 De·-

358 2036 760 2086 clamatis'autem
785 2051 954 2084 eorum
983 2034 1154 2093 causis»,
1175 2034 1253 2082 vix
1279 2032 1369 2081 sibi
1394 2030 1784 2092 consentiebant3

359 2113 716 2179 rationibusque
754 2128 855 2161 non
887 2112 998 2160 satis
1023 2111 1197 2160 utiliter
1226 2108 1621 2178 procedentibus,
1670 2108 1790 2159 nihil

357 2193 463 2259 paci
498 2190 810 2240 commodum
848 2189 1158 2238 constitutum
1196 2199 1266 2237 est
1281 2225 1293 2249 ,
1329 2198 1499 2256 praeter
1534 2186 1667 2254 quod
1698 2187 1789 2236 sub

357 2286 475 2336 paee
515 2279 755 2335 sequestra
790 2283 942 2332 usque
970 2266 1031 2315 ad
1067 2266 1279 2315 medium
1322 2266 1515 2332 Augusti
1554 2266 1789 2317 rationem

358 2345 598 2396 distulere.

406 2508 426 2526 ⁹
449 2494 523 2554 egi,
539 2517 599 2549 m,
619 2506 685 2549 ab,
703 2518 747 2541 ne
762 2506 899 2540 abscisa.

407 2564 417 2583 ⁸
444 2562 491 2597 ati
506 2561 659 2598 Meum.
