1962 3262
338 242 419 282 272
794 236 1016 279 menam
1049 237 1149 279 Lm.
1183 237 1240 278 ll.

973 593 1105 629 xctx.

408 709 594 769 Quibus
609 708 803 757 feliciter
818 717 961 773 atque
977 707 1154 755 utiliter
1176 704 1350 754 habitis
1362 741 1375 765 ,
1395 720 1525 765 cum,
1543 713 1779 752 autumno

344 798 613 837 maturante
629 823 642 847 ,
672 786 1019 835 elementorum
1052 784 1320 832 immutatio
1351 783 1486 831 fieret
1504 819 1517 844 ,
1549 799 1635 831 rex
1656 781 1782 831 cole-

344 866 444 915 rico
463 875 681 924 vexatus,
701 864 750 911 in
769 873 957 912 acutam
974 863 1154 911 febrem
1172 861 1365 911 decidit.
1391 863 1513 909 Cum
1524 877 1639 926 ergo
1653 859 1782 926 aegri-

344 943 510 992 tudine
528 959 719 1010 pressus
733 978 746 1002 ‚
769 941 986 989 militaria
1004 957 1173 989 curare
1191 957 1292 988 non
1308 949 1495 1006 posset,
1522 938 1620 987 dux
1637 937 1700 986 ab
1721 954 1782 988 eo

339 1024 498 1088 jussus
513 1022 773 1070 exercitum
809 1019 1009 1068 reducit.
1045 1017 1272 1067 Letoldus
1298 1034 1413 1065 vero
1447 1017 1671 1084 princeps
1685 1052 1700 1078 ,
1732 1017 1783 1064 in

346 1102 448 1169 ipsa
479 1100 601 1166 regis
630 1098 908 1166 aegfitudine
946 1097 1218 1147 fidelissime
1264 1107 1408 1163 atque
1441 1095 1786 1146 humanissime

346 1180 446 1245 regi
465 1178 735 1228 famulatur.
760 1181 817 1225 At
834 1177 913 1226 die
936 1177 1111 1225 cretica
1137 1185 1248 1242 post
1279 1174 1422 1223 febris
1448 1174 1639 1223 initium
1654 1209 1671 1235 ,
1703 1173 1789 1223 inb

346 1254 525 1322 pariter
537 1253 776 1311 veniente,
805 1250 1003 1300 firmiter
1017 1258 1065 1299 et
1083 1249 1340 1299 inrecidive
1352 1248 1610 1297 convaluit.
1624 1250 1790 1297 Trans-

347 1327 559 1393 actisque
585 1325 755 1374 diebus
771 1328 834 1374 30
858 1325 869 1350 ¹
908 1334 1018 1391 post
1035 1324 1250 1391 corporis
1274 1324 1651 1390 reparationem,
1676 1337 1790 1371 oum

349 1404 552 1454 Letoldo
577 1404 793 1471 principe
810 1404 861 1451 in
886 1403 1134 1451 Franciam
1157 1401 1295 1450 redit.

1025 1561 1068 1596 C.

420 1671 480 1717 Et
495 1685 607 1717 cum
617 1669 719 1734 jam
736 1666 1019 1733 Burgundiae
1033 1677 1243 1716 extrema
1260 1667 1510 1732 attingeret
1521 1701 1535 1727 ,
1555 1665 1794 1715 viatorum

356 1747 508 1797 relatu
526 1747 787 1814 comperit,
820 1745 1058 1812 quosdam
1072 1745 1157 1811 qui
1180 1743 1441 1793 latrociniis
1465 1753 1515 1793 et
1539 1732 1794 1793 discursio-

358 1826 501 1875 nibus
527 1825 825 1893 provinciam
841 1823 1149 1883 infestabant,
1180 1822 1518 1890 Angelbertum
1536 1821 1715 1871 sdlioet
1746 1831 1795 1871 et

357 1903 650 1953 Gozbertum
663 1939 677 1965 ,
719 1903 1039 1952 munitionem
1076 1918 1183 1968 quae
1223 1901 1470 1950 dicebatur
1502 1899 1678 1948 Briona
1716 1914 1795 1948 ox·

359 1982 582 2032 struxisse
596 2019 609 2043 ,
637 1998 737 2048 quo
755 1981 898 2031 etiam
921 1990 1034 2049 post
1056 1980 1288 2046 flagitiosa
1304 1978 1526 2029 exercitia
1551 1994 1654 2027 sese
1682 1976 1798 2026 reoi-

359 2059 569 2128 piebant.
588 2063 722 2109 Hanc
747 2060 888 2126 igitur
911 2076 994 2109 rex
1017 2075 1262 2125 aggressus
1275 2095 1288 2119 ,
1326 2056 1576 2106 obsidione
1599 2055 1798 2104 dmum-

360 2140 471 2201 dat3
507 2155 765 2206 pugnaque
798 2139 1026 2187 continua
1062 2155 1119 2187 ac
1143 2137 1275 2196 ‚fame
1307 2136 1486 2198 atterit3
1524 2144 1574 2185 et
1600 2131 1797 2183 tandem

361 2219 488 2286 capit
503 2253 517 2279 ,
538 2217 879 2284 solotenusque
907 2217 1069 2266 diruit.
1097 2215 1411 2264 Latronculos
1435 2229 1578 2274 vero,
1605 2220 1799 2280 petente

361 2295 561 2346 Letoldo
583 2295 675 2344 sub
695 2305 994 2351 sacramento
1019 2293 1150 2344 abire
1173 2293 1418 2360 permittit.

449 2487 495 2510 ΚΧ
516 2487 601 2510 007⁷·-
622 2486 692 2510 xxx
