1962 3262
320 313 399 354 166
812 307 1032 349 lucussm
1064 307 1164 351 Lm.
1197 308 1254 350 ll.

319 392 471 440 rediit.
502 394 616 438 Otto
641 406 755 438 vero
787 393 1036 455 Hugonem
1067 390 1115 437 in
1143 389 1264 455 regis
1293 390 1491 455 gratiam
1523 388 1751 439 reducem

317 466 571 532 satagebat.
601 460 759 526 Quem
784 466 944 514 multis
966 466 1222 515 verborum
1246 466 1447 514 stimulis
1464 464 1752 516 familiariter

317 564 373 595 ac
391 547 483 595 levi
508 546 668 595 furore
683 546 988 612 redarguenti,
1010 563 1070 595 eo
1088 546 1221 612 quod
1245 547 1344 612 regi
1367 563 1455 594 suo
1473 546 1747 607 contrairet,

317 626 664 691 dominumque
700 625 919 673 insectari
951 642 1052 673 non
1076 624 1369 685 formidaret,
1399 623 1463 672 ad
1499 640 1660 690 regem
1681 641 1752 674 re·

318 704 420 753 dire
448 704 616 753 effecit.
657 707 716 752 Et
742 714 957 770 tempore
985 714 1228 770 oportuno
1241 739 1257 764 ,
1292 702 1603 770 prudentium
1631 702 1752 768 lega-

318 782 527 831 tionibus
556 783 822 849 praemissis,
864 782 963 847 regi
988 782 1163 830 ducem
1189 781 1390 842 reducit,
1425 781 1610 848 sibique
1639 797 1751 831 oon-

318 861 458 910 ciliat.

367 1238 487 1275 XXX.
503 1257 554 1266 --
569 1238 772 1286 Principum
785 1238 882 1287 apud
898 1250 1014 1286 regem
1039 1246 1255 1281 conventus,
1284 1250 1326 1273 ae
1343 1236 1509 1273 wind-ni
1529 1237 1568 1272 in
1581 1249 1707 1274 eor-u-

823 1294 988 1330 contione
1013 1294 1250 1329 tumultuatio.

385 1400 520 1445 Duce
543 1413 656 1461 ergo
682 1397 733 1444 in
752 1397 999 1463 pristinam
1017 1397 1214 1461 gratiam
1244 1405 1485 1456 revocato,
1513 1411 1627 1443 cum
1655 1395 1756 1462 ipse

323 1475 495 1523 virtute
519 1485 566 1523 et
583 1475 733 1541 copiis
752 1474 1068 1535 antecelleret,
1102 1474 1180 1523 alii
1203 1483 1549 1539 consequenter
1571 1472 1756 1522 reducti

322 1563 449 1601 sunt.
478 1552 715 1601 Omnibus
734 1553 894 1618 itaque
912 1552 975 1600 ad
993 1569 1153 1619 regem
1171 1552 1386 1613 reversis,
1407 1551 1457 1600 in
1484 1550 1600 1599 fisco
1623 1551 1755 1617 regio

326 1631 537 1679 Atiniaco
567 1629 862 1698 principibus
890 1630 952 1678 ab
981 1647 1091 1696 rege
1127 1640 1236 1697 post
1265 1629 1366 1678 dies
1395 1628 1586 1694 triginta
1612 1626 1757 1677 collo-

324 1709 493 1775 quium
520 1708 799 1758 habendum
828 1708 1068 1756 indicitur.
1100 1710 1158 1756 Et
1181 1706 1259 1756 die
1285 1707 1541 1755 constituta
1573 1723 1655 1754 rex
1689 1705 1756 1754 ibi

325 1805 437 1836 cum
454 1787 808 1854 provinciarum
831 1786 1125 1853 principibus
1147 1786 1298 1846 affuit,
1323 1788 1526 1851 Hugone
1539 1783 1759 1834 videlicet

325 1875 647 1931 cognomento
673 1867 847 1930 Magno
860 1900 874 1924 ,
902 1863 1098 1912 Arnulfo
1116 1864 1433 1923 Morinorum,
1452 1862 1676 1911 Wilelmo
1690 1863 1759 1930 pi—

329 1955 536 1993 ratarum
551 1943 771 2005 ducibus,
786 1959 842 1991 ac
854 1942 1103 1991 Heriberto
1119 1943 1327 1990 tiranno.
1344 1945 1441 1990 Nec
1455 1940 1606 1990 defuit
1617 1942 1762 1990 Saxo!

328 2023 417 2070 niae
433 2039 515 2070 rex
532 2024 664 2070 Otto.
695 2020 964 2069 Ludovicus
984 2037 1066 2068 rex
1083 2036 1195 2068 cum
1221 2020 1272 2067 in
1295 2019 1512 2068 conclavi
1528 2035 1631 2068 sae
1645 2034 1759 2068 cum

328 2104 505 2149 Ottone
530 2117 639 2165 rege
667 2099 750 2148 ac‘
777 2098 1068 2166 principibus
1098 2099 1364 2164 recepisset,
1386 2096 1585 2145 consilio
1608 2097 1760 2145 incer·

329 2190 431 2227 tum
449 2195 510 2226 an
535 2178 750 2237 fortuitu,
777 2175 906 2224 solus
920 2175 1170 2223 wilelmus
1183 2175 1282 2224 dux
1300 2175 1533 2224 admissus
1543 2189 1644 2223 non
1669 2184 1755 2223 est.

330 2257 524 2305 Diucius
547 2273 660 2321 ergo
685 2256 845 2303 afforis
869 2265 1143 2321 exspectans
1160 2291 1173 2314 ,
1212 2272 1323 2303 cum
1355 2271 1453 2302 non
1478 2263 1756 2311 vocaretur,

331 2352 434 2385 rem
458 2336 621 2383 animo
646 2336 765 2382 irato
796 2334 988 2382 ferebat.
1010 2333 1221 2381 Tandem
1244 2334 1294 2381 in
1318 2333 1438 2381 iram
1461 2348 1626 2380 versus
1643 2368 1657 2392 ,
1692 2342 1763 2380 ut-

332 2423 444 2480 pote
467 2428 614 2461 manu
639 2422 687 2460 et
715 2411 904 2460 audatia
927 2411 1124 2470 nimius,
1161 2410 1341 2459 foribus
1370 2410 1539 2459 clausis
1568 2410 1668 2458 vim
1690 2410 1763 2459 in—

333 2491 464 2550 tulit,
492 2508 548 2539 ac
570 2500 829 2538 retrorsum
847 2489 1172 2537 vibrabundus
1192 2490 1210 2514 ²
1232 2489 1403 2555 adegit.
1428 2492 1761 2555 Ingressusque

333 2570 508 2618 lectum
532 2570 834 2635 conspicatur
857 2569 1186 2633 gestatorium3
1202 2567 1218 2592 ³
1241 2568 1290 2615 in
1308 2584 1407 2632 quo
1425 2566 1569 2615 etiam
1582 2582 1613 2614 a
1627 2574 1763 2632 parte

382 2712 390 2730 ⁸
419 2723 499 2746 cum
522 2712 552 2744 ί.

379 2768 394 2787 ¹
420 2765 572 2801 fervidus
592 2767 622 2799 l.

381 2824 395 2842 ³
419 2836 453 2866 g.
472 2822 712 2869 pulvinaribus
729 2834 769 2856 ac
785 2821 905 2855 ceteris
922 2821 1118 2854 nece-mrit-
1132 2829 1274 2854 stramm
1293 2822 1323 2854 l.
