1962 3262
328 209 381 247 86
824 203 1045 245 monem
1076 203 1177 245 ΗΒ.
1210 204 1243 243 1.

329 286 647 335 diffidendum
684 301 984 343 memorans;
1019 285 1149 349 regni
1186 300 1380 349 quoque
1416 299 1720 349 pervasorem
1743 283 1752 306 ⁸

330 366 404 413 vix
428 381 526 412 uno
549 373 797 412 momento
825 362 1106 410 duraturum
1140 361 1376 410 asserebat
1399 379 1409 407 :
1436 381 1459 405 «
1492 364 1615 408 Cum
1639 378 1667 406 ιι
1690 360 1763 409 in-

327 444 497 509 quiens
526 462 549 488 «
580 444 710 490 Deus
733 439 1008 504 hujusmodi
1037 439 1390 498 abhominetur,
1418 449 1466 487 et
1497 437 1627 504 apud
1650 454 1763 487 eum

330 543 353 567 «
383 520 542 570 nullus
564 518 796 586 superbiae
821 518 953 566 locus
980 519 1056 578 sit,
1074 518 1323 583 quomodo
1341 518 1480 565 stabit
1498 533 1645 582 quem
1660 517 1763 583 ipse

330 618 353 643 α
383 615 483 646 non
502 597 693 645 munit?
713 595 962 662 quomodo
993 607 1228 661 resurget,
1256 613 1400 661 quem
1427 597 1525 662 ipse
1554 595 1764 662 praecipi-

331 696 353 720 κ
384 675 477 723 tat²
495 675 514 720 Ρ
536 696 558 719 »
580 677 636 722 Et
655 684 765 740 post
782 674 882 722 baec
898 710 911 733 ,
933 690 1044 721 cum
1062 674 1296 742 episcopis
1314 675 1519 739 virisque
1536 673 1764 739 religiosis

326 754 409 821 qui
430 753 652 812 aderant,
678 761 893 799 montem
918 750 1026 799 loco
1053 752 1328 818 oppositum
1348 751 1650 812 conscendit,
1680 750 1762 800 ubi

328 831 470 879 etiam
502 841 572 878 est
607 829 798 877 basilica
832 828 980 877 beatae
1009 827 1263 877 Genovefie
1294 829 1486 895 virginis
1518 828 1758 891 dedicata,

326 919 551 959 eventum
589 907 701 956 belli
732 906 845 955 inde
885 917 1181 973 expecturus.
1215 909 1397 957 Interea
1421 908 1623 972 junctim
1655 925 1764 974 pro-

327 987 452 1036 cedit
478 987 711 1035 exercitus
740 996 788 1034 et
802 986 1134 1050 magnanimus
1154 985 1345 1051 gradive
1370 986 1419 1034 in
1433 985 1623 1035 hostem
1636 1003 1765 1035 accc·

327 1066 461 1113 lerat.
496 1064 715 1112 Procedit
744 1080 939 1128 quoque
963 1064 1198 1122 tirannuS,
1230 1064 1392 1111 animo
1411 1080 1510 1112 non
1527 1065 1698 1131 impar,
1716 1074 1764 1113 at

329 1143 596 1208 legionibus
614 1143 788 1213 potior.

441 1248 571 1283 XLVI.
590 1268 637 1275 -
654 1247 789 1282 Bellum
807 1247 895 1281 inter
912 1247 1082 1281 Karolum
1102 1254 1135 1280 et
1153 1246 1379 1288 autbertum,
1398 1247 1539 1293 ejusque
1557 1246 1651 1293 fuga.

394 1334 579 1393 Quibus
598 1335 838 1399 utrimque
864 1333 974 1380 visis
996 1332 1291 1390 cummium,
1320 1347 1431 1378 cum
1450 1331 1659 1379 maximo
1676 1330 1767 1380 cla-

331 1429 465 1460 more
483 1412 672 1477 utrique
689 1412 922 1459 exercitus
946 1411 1090 1476 signis
1111 1409 1289 1458 infestis
1305 1418 1614 1457 concurrunt.
1637 1410 1765 1456 Con·

330 1491 586 1555 gressique,
614 1490 852 1537 innumeri
876 1489 990 1536 hinc
1015 1487 1128 1535 inde
1152 1478 1397 1535 corruunt.
1432 1489 1490 1534 Et
1514 1484 1766 1535 Rotbertus

330 1567 525 1632 quidem
543 1584 624 1615 rex
640 1584 751 1615 cum
772 1568 820 1614 in
836 1567 1094 1615 certamine
1110 1566 1299 1630 ignotus
1310 1574 1450 1625 esset,
1464 1574 1513 1612 et
1523 1563 1637 1612 hinc
1654 1563 1767 1612 inde

331 1644 545 1693 feriendo
573 1654 676 1692 toto
703 1661 876 1710 campo
900 1644 1100 1704 fureret,
1127 1660 1155 1691 a
1178 1643 1436 1707 conjuratis
1462 1652 1764 1709 conspectus,

330 1739 392 1772 an
417 1723 517 1788 ipse
536 1732 659 1769 esset
684 1722 1015 1785 interrogatur.
1047 1724 1104 1768 At
1129 1720 1206 1769 ille
1231 1720 1513 1786 intrepiduS,
1535 1737 1649 1770 mox
1664 1720 1769 1770 bar-

331 1800 442 1849 bam
455 1799 723 1848 obvelatam
741 1799 917 1864 detegit
927 1799 966 1858 ⁸,
985 1790 1183 1863 seseque
1198 1814 1301 1846 esse
1317 1808 1551 1846 monstrat
1562 1798 1599 1859 ⁴,
1619 1784 1767 1848 multa

333 1881 379 1927 vi
409 1881 459 1927 in
495 1877 771 1926 Fulbertum
810 1877 1034 1925 comitem
1077 1876 1254 1924 sermm
1289 1875 1496 1923 vibrans.
1537 1874 1619 1923 llle
1651 1891 1767 1923 vero

333 1957 478 2006 loetali
501 1956 597 2005 ictu
622 1955 868 2021 accepto⁸‚
897 1954 959 2003 ab
983 1971 1042 2002 eo
1065 1955 1115 2001 in
1145 1953 1359 2001 dextram
1392 1953 1679 2018 obliquatur.
1710 1955 1769 2000 Et

332 2037 399 2084 sic
423 2051 508 2101 per
525 2034 682 2082 loricae
697 2034 931 2081 manicam
951 2033 1113 2080 lancea
1131 2048 1242 2079 eum
1263 2033 1311 2079 in
1330 2032 1475 2079 latere
1492 2031 1768 2096 gravissimo

335 2114 429 2160 ictu
455 2112 654 2169 sauciat,
692 2127 880 2158 necnon
906 2120 952 2158 et
981 2126 1068 2175 per
1094 2126 1208 2175 epar
1238 2120 1380 2175 atque
1415 2108 1695 2175 pulmonem
1721 2119 1770 2158 et

333 2191 507 2239 sinistri
543 2190 700 2237 lateris
731 2187 1077 2253 ypocundriam
1102 2188 1277 2236 sermm
1301 2203 1452 2253 usque
1489 2187 1536 2235 in
1562 2187 1768 2254 clipeum

335 2268 548 2333 transigit
559 2267 599 2327 ⁸,
622 2277 670 2314 et
690 2267 1033 2332 circumseptus
1050 2265 1112 2313 ab
1127 2266 1245 2326 aliis,
1267 2276 1449 2333 septem
1466 2264 1641 2313 lanceis
1658 2281 1771 2313 con-

336 2348 487 2396 fossus
510 2346 825 2412 praecipitatus
844 2345 1038 2402 corruit,
1061 2344 1369 2409 diriguitque3
1391 2342 1637 2407 multoque
1660 2342 1768 2390 Ful-

382 2452 393 2472 ¹
420 2451 596 2486 tirannum
617 2452 629 2484 1
642 2477 648 2482 .

383 2507 394 2520 ’
422 2511 493 2533 non
510 2497 609 2553 erigit
624 2499 656 2531 1.

381 2546 395 2564 ⁸
419 2560 438 2580 a
455 2545 564 2580 lorica
579 2552 698 2580 extra
703 2545 726 2578 it
750 2546 779 2577 ί.

381 2594 394 2613 ⁴
422 2602 597 2627 mensu-av
598 2592 676 2626 til.

381 2643 396 2660 ⁸
444 2652 505 2674 ero
521 2639 662 2686 clipcoi
651 2646 800 2673 nectum
802 2638 1006 2691 xcipiynsl.

382 2690 397 2707 ⁸
410 2697 516 2768 ¹trans
499 2688 591 2733 sigit.
627 2687 641 2720 1
646 2698 753 2720 rnruu
732 2694 769 2719 nt
807 2694 841 2718 ct
870 2697 1138 2731 circumquaque
1166 2686 1350 2731 conjurati.
1383 2687 1408 2718 Α
1442 2684 1568 2729 quibus
1593 2683 1767 2719 rotbertus

435 2744 585 2780 msenspt
591 2761 598 2767 .
623 2742 750 2779 septem
730 2735 798 2766 ιι.1
