1962 3262
391 296 470 333 212
887 298 1106 340 menam
1139 300 1238 342 Lm.
1273 301 1329 342 ΙΙ.

390 385 582 448 negotio
607 383 753 433 fidem
777 384 875 432 dat.
901 387 1003 433 Nox
1021 385 1177 434 affuit:
1167 388 1394 451 ,juvenes
1411 388 1698 479 promissum
1718 389 1824 444 fieri

389 462 646 528 postulant.
667 461 749 511 llle
773 479 902 522 mox,
930 475 1174 531 assumpto
1193 482 1343 531 puero
1360 466 1598 532 privigno,
1619 467 1822 533 cunqu-

388 541 629 589 venibus
617 558 664 589 m
693 542 847 589 noctis
880 551 1109 608 tempesta
1133 542 1195 590 ad
1222 560 1366 592 naves
1388 554 1629 611 properat.
1660 546 1822 595 comi-

387 630 548 668 tantur
570 630 618 668 et
642 621 864 684 juvenem
893 620 975 685 qui
1007 620 1583 682 solitudinem‘videutes‚
1616 638 1821 689 puerum

384 708 573 764 raptum
610 699 659 746 in
692 699 923 746 fluentum
967 690 1265 764 demergunt.
1301 700 1547 766 Hospitem
1580 715 1696 748 vero
1727 699 1822 748 cla·

384 794 515 826 mare
548 777 777 825 nitentem
814 786 1001 841 gutture
1029 772 1306 838 invadunt‚‘
1332 788 1475 844 atque
1501 787 1733 839 mortem,
1768 778 1819 828 ui

382 855 516 922 quod
540 856 709 904 volunt
733 854 929 915 efficiat,
958 856 1348 917 interminantur,
1371 867 1423 905 ut
1438 855 1657 907 videlic&
1672 854 1818 909 naves

381 933 548 981 solvat.
579 935 808 980 Pei-vasus
826 949 940 997 ergo
964 949 1021 980 ac
1046 933 1259 994 territus,
1298 950 1443 983 naves
1465 923 1634 983 solvit:
1652 932 1818 983 Confi-

381 1012 541 1077 lioque
569 1011 712 1070 inim,
742 1011 954 1059 vinctum
973 1011 1082 1059 navi
1105 1012 1376 1076 conissium,
1402 1029 1459 1061 ac
1472 1025 1628 1067 naves
1644 1011 1815 1078 singuli

379 1090 587 1155 singulas
610 1089 671 1137 ad
696 1089 805 1137 litus
829 1089 1091 1137 deducunt.
1116 1090 1279 1154 Ejecto
1294 1106 1410 1138 vero
1427 1089 1616 1157 hospite
1630 1090 1812 1151 moto,

379 1169 540 1216 navim
564 1185 712 1215 unam
736 1184 904 1215 omnes
922 1167 1138 1232 ingressi,
1160 1168 1274 1215 alias
1291 1170 1543 1234 repetunt,
1562 1166 1815 1258 ιιι-,ψ

377 1248 550 1296 iterum
583 1246 844 1295 deducunt.
885 1246 1139 1312 Octiesque
1172 1246 1369 1294 fluvium
1401 1245 1654 1307 remoti,
1652 1221 1814 1305 nubs

375 1343 578 1375 numero
603 1328 669 1376 72
693 1325 1008 1373 abduxerunt.
1543 1344 1546 1348 <

1028 1449 1162 1488 Lvm.

440 1541 568 1587 Dum
600 1537 701 1585 haec
724 1545 1026 1602 gererentur,
1054 1552 1220 1600 regim
1252 1537 1484 1585 exercitus
1510 1536 1562 1584 in
1589 1537 1693 1603 ipsa
1714 1535 1808 1589 diei

373 1609 569 1667 orientis
586 1631 759 1663 aurora
777 1615 924 1662 fluvio
949 1614 1082 1662 affuit
1099 1650 1112 1674 ‚
1135 1630 1375 1680 navesque
1392 1622 1581 1682 paratas
1595 1630 1710 1672 cum
1731 1632 1808 1666 re-

372 1695 462 1743 mis
479 1694 661 1742 invenit
675 1730 688 1753 ,
710 1709 829 1759 quas
853 1693 1032 1740 tirones
1046 1709 1158 1740 cum
1173 1693 1316 1740 armis
1339 1693 1558 1757 ingressi,
1586 1692 1810 1759 mut

369 1788 426 1820 ac
443 1781 753 1837 exaquantur.
772 1773 892 1818 Tum
907 1771 1276 1835 circumquaque
1290 1770 1504 1836 palantes
1514 1806 1529 1830 ‚
1548 1770 1685 1820 nullo
1699 1787 1809 1839 pro-

368 1849 581 1909 hibente,
609 1865 638 1897 a
656 1848 853 1897 diversis
868 1847 1086 1915 portibus
1103 1848 1218 1896 alias
1234 1849 1442 1915 rapiunt,
1465 1848 1806 1900 etexercitibus

369 1927 631 1976 deducunt.
672 1929 791 1974 Nam
821 1927 904 1992 qui
933 1927 1032 1974 ruri
1063 1926 1324 1992 degebant,
1360 1928 1653 1976 innantium
1671 1937 1804 1976 metu

369 2022 539 2054 omnes
553 2004 874 2070 auffugerant3
896 2003 993 2052 dux
1009 2021 1124 2053 vero
1137 2005 1397 2054 Aurelianis
1415 2022 1517 2055 sese
1525 2016 1799 2073 ,καμπὴ

369 2082 498 2131 unde
528 2092 575 2131 et
603 2082 687 2147 qui
708 2082 942 2130 resisteret
967 2080 1144 2129 aberat.
1171 2082 1409 2131 Navibus
1392 2092 1557 2149 {taque
1573 2082 1767 2132 conexis
1785 2120 1798 2142 ,

367 2178 423 2208 ac
454 2160 606 2208 multo
638 2159 814 2208 robore
837 2160 1123 2226 compactis,
1164 2159 1375 2208 liburnas
1410 2159 1632 2228 solidant.
1672 2162 1803 2220 Quas

367 2240 604 2304 ingressus
620 2239 874 2297 exercitus,
897 2238 1094 2288 fluvium
1119 2239 1302 2287 transit.
1323 2239 1445 2287 Dein
1461 2239 1798 2307 tentreoqni,

366 2316 596 2366 incendiis
619 2316 885 2383 praedisque
901 2315 1264 2365 vehementibus
1290 2326 1440 2366 totam
1462 2314 1708 2382 reg’mnem
1722 2327 1818 2375 'lu-A

364 2412 459 2460 que
482 2394 683 2459 Ligerim
707 2393 983 2461 depopulati
1001 2404 1127 2443 sunt.
1151 2398 1263 2447 Post
1285 2394 1386 2443 haec
1403 2395 1627 2447 feruntur
1633 2378 1800 2450 ὶῖῌὺ·
1823 2451 1829 2458 ,

364 2486 467 2520 ram
494 2483 769 2539 pyratarum
799 2489 855 2520 ac
885 2472 989 2520 solo
1023 2483 1161 2521 tenus
1185 2473 1449 2522 devastant.
1480 2474 1652 2542 Sioque
1673 2488 1806 2540 W

365 2550 584 2614 injuriam
608 2549 829 2596 atrociter
859 2548 966 2609 ulti,
998 2549 1087 2597 iter
1113 2549 1175 2597 ad
1205 2565 1290 2598 sua
1313 2559 1637 2619 retorquent.
1641 2548 1800 2600 Ludo-

366 2629 494 2675 vicus
513 2643 626 2676 vero
652 2644 731 2674 rex
753 2629 925 2675 Remos
950 2628 1087 2677 redit.

1920 2558 1943 2592 :s
