1962 3262
329 247 382 284 66
835 245 1052 286 menna!
1086 245 1184 286 [AB.
1217 248 1250 287 Ι.

327 342 430 389 quae
454 325 503 372 in
528 327 811 391 augmento·
843 337 937 386 est,
966 336 1019 374 ut
1042 326 1158 375 dum
1199 327 1351 376 multo
1387 328 1570 378 fervore
1594 330 1754 382 bom

328 413 540 463 ruerent,
561 405 791 453 exercitus
815 404 1121 454 circulatione
1145 407 1487 474 exciperentur.
1517 407 1594 457 Sic
1610 408 1752 460 etiam

324 481 385 528 ab
409 481 464 529 iis
481 482 565 550 qui
587 482 635 531 in
660 499 813 531 cornu
837 494 1040 549 utroque
1063 485 1389 551 persisterent,
1412 502 1438 533 a
1458 496 1590 551 tergo
1612 503 1753 557 app*

323 560 417 621 titi,
446 577 579 610 more
606 561 845 628 pecudum
870 571 1205 611 sternerentur.

968 830 1083 865 ΧΧΧ.

353 916 355 919 .
380 930 462 977 uis
473 945 586 993 ergo
604 928 652 976 in
669 938 867 993 utraque
886 937 1020 993 parte
1034 927 1225 993 pat-atie,
1243 937 1441 993 uterque
1458 930 1688 978 exemitus
1700 931 1741 990 ²,

312 1006 454 1070 signis
477 1006 681 1065 collatis,
714 1004 1034 1070 congreditur.
1074 1004 1324 1053 Rotbertus
1353 1022 1464 1054 cum
1489 1009 1739 1069 Neustriis,

312 1083 571 1131 Dalmatius
587 1100 697 1131 cum
714 1082 956 1147 Aquitanis
974 1082 1182 1146 legiones
1195 1083 1454 1149 piratarum
1471 1093 1740 1149 penetrant,

310 1162 560 1227 statimque
593 1161 740 1209 abiis
764 1161 844 1226 qui
871 1161 920 1207 in
944 1159 1171 1207 cornibus
1200 1170 1352 1219 erant,
1378 1176 1406 1207 a
1439 1170 1572 1226 tergo
1595 1161 1742 1230 impe-

309 1248 487 1287 tuntur.
524 1241 633 1286 Mox
657 1254 850 1304 quoque
873 1237 952 1285 et⁸
992 1237 1140 1302 Belgae
1174 1238 1418 1305 improvisi
1449 1254 1742 1306 prosequun-

310 1326 401 1376 tur,
423 1327 565 1382 atque
586 1316 761 1382 piratas
778 1316 861 1382 qui
884 1333 913 1363 a
929 1326 1060 1380 tergo
1078 1332 1190 1363 suos
1207 1315 1514 1383 premebant,
1541 1316 1740 1367 immani

306 1394 424 1443 cede
442 1405 654 1443 sternunt
672 1395 687 1419 ⁴
697 1394 934 1443 ,Neustrii
950 1410 1144 1459 quoque
1161 1394 1452 1442 atrocissime
1468 1394 1661 1443 insunt.
1682 1397 1739 1443 ln

305 1488 401 1536 qua
438 1473 804 1531 commixtione,
831 1488 943 1519 cum
973 1471 1191 1536 Aquitani
1225 1471 1388 1537 piratis
1426 1471 1730 1532 cirmtmdati,

306 1549 456 1597 multo
474 1550 726 1598 conamine
750 1566 834 1597 eos
859 1565 982 1614 quos
1005 1548 1312 1613 impellebant
1340 1549 1390 1595 in
1419 1548 1577 1613 fugam
1601 1565 1738 1615 coge·

305 1637 432 1687 rent,
461 1628 492 1675 ii
515 1628 665 1692 quiin
690 1626 915 1675 cornibus
932 1626 1255 1692 perstiterant,
1283 1642 1310 1674 a
1328 1626 1476 1691 Belgis
1493 1626 1607 1675 hinc
1626 1645 1734 1695 pre-

302 1704 569 1764 mebantur,
598 1704 710 1752 inde
740 1721 855 1752 vero
887 1703 949 1751 ab
983 1704 1224 1768 Aquitanis
1259 1704 1498 1751 conversis
1534 1703 1734 1755 letaliter

301 1782 605 1847 urgebantur.
628 1782 843 1848 Superati
867 1782 1024 1847 itaque
1042 1798 1174 1829 arma
1197 1781 1468 1848 deponunt,
1491 1798 1547 1831 ac
1570 1783 1731 1832 multis

298 1859 585 1908 clamoribus
602 1877 691 1926 pro
708 1860 803 1907 vita
821 1859 1102 1926 supplicant.
1134 1859 1385 1907 Rotbertus
1409 1860 1568 1925 itaque
1591 1871 1731 1911 tantae

297 1938 414 1986 aedi
430 1954 624 2004 paroere
642 1938 785 2003 petit,
813 1953 868 1984 ac
894 1937 1036 1984 instat
1067 1947 1121 1984 ut
1152 1947 1393 1985 eruantur.
1424 1938 1512 1985 Vix
1534 1955 1729 2005 quoque

296 2015 359 2062 ab
375 2015 504 2064 oede
519 2015 698 2081 quievit
719 2014 974 2074 exercitus,
1009 2013 1161 2062 multo
1183 2015 1497 2082 prosperioris
1527 2015 1728 2066 formnae

296 2093 514 2141 incitatus
538 2110 771 2141 successu.
801 2091 975 2140 Sedato
1004 2109 1119 2140 vero
1139 2092 1367 2152 tumultu,
1394 2093 1477 2158 qui
1500 2093 1624 2142 inter
1638 2109 1724 2144 eos

295 2171 505 2238 potiores
522 2170 821 2229 videbantur,
842 2185 871 2217 a
885 2168 1006 2217 duce
1024 2170 1149 2236 capti
1167 2180 1294 2231 sunt,
1317 2170 1483 2238 reliqui
1501 2187 1616 2220 vero
1633 2171 1726 2220 sub

290 2249 397 2312 jure
414 2247 637 2297 obsidum
660 2247 722 2296 ad
740 2246 935 2295 classem
960 2246 1114 2295 redire
1138 2249 1491 2313 permittuntur.

938 2362 1074 2396 xxxi.

358 2466 543 2512 Patr-ata
564 2478 677 2527 ergo
695 2461 908 2521 victoria,
939 2460 1240 2526 exercituque
1264 2460 1438 2521 solute,
1471 2461 1723 2511 Rotberms

341 2590 351 2610 ¹
377 2588 589 2635 quoquina
607 2587 705 2622 att.

336 2646 353 2666 ¹
376 2639 1153 2687 e.mmmximoclmoenignininfoetint.

338 2701 352 2720 ⁸
376 2710 409 2734 et
424 2701 626 2747 gislebertus
642 2696 1072 2744 cumbetginimprovim
1088 2696 1356 2743 prooequitwt.

338 2755 352 2774 ⁴
375 2756 545 2790 stu-nint.
