1962 3262
339 261 413 302 1⁴4
825 258 1041 300 menam
1072 259 1170 300 [ΑΒ.
1206 261 1260 301 11.

598 398 700 434 XIV.
716 417 764 426 ·-
779 398 943 435 Etlninus
955 399 1129 447 oppidum
1144 400 1320 449 expugnat
1334 413 1375 437 ae
1393 402 1498 450 capit.

406 507 629 573 Princeps
654 506 728 554 his
756 508 1076 572 quaerimoniis
1100 518 1280 571 motus,
1313 508 1539 557 auxilium
1565 505 1759 570 annuit,

338 601 394 632 ac
426 583 629 632 militum
666 584 855 650 copiam
889 585 933 632 ei
965 586 1233 634 committit.
1271 586 1491 634 Erluinus
1519 586 1677 652 itaque
1698 583 1761 636 ad

339 663 571 730 oppidum
605 672 830 728 properat
848 698 862 722 ,
911 679 967 710 ac
994 664 1316 729 tempestivius
1353 681 1464 712 cum
1501 663 1650 731 copiis
1685 680 1765 731 ap-

339 741 479 807 petit,
511 741 785 804 circumque
809 739 951 788 vallat
968 749 1092 788 terra
1108 741 1338 806 marique.
1361 744 1505 789 Instat
1522 742 1680 807 itaque
1696 750 1765 790 at·

337 836 433 885 que
457 819 624 867 acriter
640 817 853 882 adurget.
881 816 1093 866 Tandem
1108 818 1396 868 veromulta
1418 819 1766 886 expugnatione

339 898 573 954 attritum,
595 895 884 960 ingreditur,
916 905 1163 960 totumque
1181 896 1411 962 pervadit.
1439 897 1619 946 Amulli
1650 895 1768 946 mili-

343 986 412 1023 tes
435 991 603 1022 omnes
629 971 1018 1038 comprehendit3
1045 990 1254 1038 quorum
1273 973 1391 1022 alios
1407 974 1564 1040 gladio
1580 984 1765 1034 enecat,

342 1054 459 1101 alios
476 1052 611 1100 uxori
629 1051 844 1116 natisque
868 1050 1136 1117 repetendis
1152 1061 1416 1099 conservat.

548 1201 629 1236 XV.
646 1195 946 1247 -congmm·
963 1199 1099 1235 Erluini
1118 1200 1229 1235 eum'
1244 1199 1411 1234 militibus
1430 1199 1580 1235 Arnum.

412 1297 630 1345 Arnulfus
653 1306 782 1345 tanta
798 1313 995 1344 suorum
1022 1296 1286 1345 calamitate
1310 1297 1571 1358 confectus,
1602 1296 1774 1347 milites

346 1375 542 1439 colligit,
578 1391 757 1439 eosque
792 1374 839 1421 in
873 1374 1122 1422 Erluinum
1155 1374 1319 1434 mittit,
1352 1375 1435 1439 qui
1467 1375 1568 1439 ejus
1597 1385 1774 1425 ten-am

348 1469 497 1518 usque
512 1452 574 1500 ad
592 1451 825 1518 oppidum
844 1451 1211 1518 depopulentur.
1235 1454 1527 1518 Directique,
1546 1453 1776 1502 incendiis

347 1533 716 1596 circumquaque
752 1547 808 1578 ac
844 1531 1020 1596 rapinis
1054 1530 1317 1579 admodum
1349 1530 1623 1591 deseviunt,
1654 1530 1776 1579 mul-

349 1620 491 1674 taque
506 1625 665 1656 rerum
680 1607 840 1674 praeda
855 1607 1083 1668 abducta,
1112 1607 1415 1668 festinabant,
1435 1625 1547 1656 cum
1561 1607 1700 1674 legau'
1713 1607 1776 1656 ab

350 1687 545 1734 Erluino
563 1686 822 1746 affuerunt,
843 1686 927 1750 qui
942 1685 1228 1745 indicarent,
1244 1685 1378 1751 quod
1395 1685 1484 1733 nisi
1501 1695 1651 1734 totam
1665 1701 1779 1752 prm-

350 1764 463 1812 dam
489 1764 591 1811 sine
609 1779 746 1811 mora
763 1762 1042 1822 redderent,
1072 1763 1175 1811 sine
1201 1780 1336 1811 mora
1362 1764 1431 1811 eis
1456 1779 1558 1812 esse
1585 1779 1781 1829 congre-

352 1841 599 1890 diendum.
637 1842 808 1889 Hostes
831 1841 1114 1905 legationem
1147 1851 1445 1906 spernentes,
1475 1850 1615 1906 capta
1636 1839 1783 1889 abdu·

353 1936 461 1967 cere
485 1918 825 1967 accelerabant.
859 1919 1014 1983 Legati
1044 1919 1263 1982 regressi,
1306 1935 1408 1966 sese
1432 1918 1642 1983 abjectos
1669 1917 1783 1966 refe-

357 2008 482 2045 runt.
506 1996 726 2044 Erluinus
738 2013 852 2043 eum
867 1995 1222 2061 quadringentis
1238 2006 1531 2045 armatorum
1546 2011 1661 2044 mox
1674 2011 1784 2063 pro-

356 2075 514 2135 cessit,
543 2091 599 2122 ac
626 2073 952 2122 festinantibus
988 2075 1282 2141 supervenit.
1306 2074 1375 2122 llli
1396 2068 1516 2122 vero‘
1534 2071 1695 2140 praeda
1716 2089 1784 2122 re·

359 2156 465 2203 licta
489 2156 729 2214 conversi,
753 2155 1041 2203 irruentibus
1066 2147 1395 2204 obvertuntur.
1424 2154 1670 2220 Signisque
1689 2154 1787 2203 col·

361 2233 486 2293 latis,
514 2234 684 2281 acriter
707 2233 985 2282 dimicatum
1009 2244 1094 2282 est.
1128 2234 1379 2282 Praedones
1396 2233 1493 2282 fere
1513 2249 1680 2281 omnes
1697 2231 1789 2298 gla-
1816 2235 1820 2239 ”

360 2311 442 2359 dio
482 2311 772 2370 occubuere,
811 2322 980 2377 praeter
1014 2312 1104 2359 hos
1130 2328 1253 2377 quos
1283 2311 1390 2376 fuga
1418 2310 1529 2358 belli
1556 2309 1790 2358 violentiae

362 2389 552 2438 exemit.
572 2391 650 2449 [Et
674 2399 834 2437 tamen
859 2390 918 2449 ii,
945 2406 1055 2437 cum
1085 2389 1192 2454 fuga
1216 2405 1299 2437 eos
1321 2389 1598 2453 exagitaret,
1626 2386 1689 2435 ab
1712 2389 1791 2434 Er-

364 2468 496 2516 luino
522 2477 632 2534 post
657 2468 914 2516 insectante
942 2469 1164 2515 atrociter
1187 2467 1276 2514 fusi
1291 2477 1416 2515 sunt.
1447 2466 1794 2532 Erluinusprae·

365 2547 439 2594 dis
467 2546 667 2612 receptis
693 2563 804 2593 cum
835 2545 1102 2610 ingentibus
1126 2546 1334 2593 hostium
1363 2544 1599 2592 manubiis
1623 2542 1685 2592 ad
1708 2560 1793 2591 sua

368 2624 561 2672 feliciter
585 2625 823 2671 remeavit.
1690 2628 1697 2633 '

554 2772 611 2792 um
627 2758 763 2791 abscisa.
1749 2791 1778 2817 θ
