1962 3262
386 267 461 305 181)
869 264 1086 305 metten!
1117 264 1216 306 Lm.
1251 267 1306 307 ll.

775 416 964 456 xxxva.
978 435 1029 445 —
1040 417 1203 454 hta-itm
1224 417 1412 453 lieu-iberti.

443 522 522 571 His
540 523 604 571 ita
619 520 1022 571 sese'habentibus
1032 558 1046 582 ,
1067 539 1178 571 cum
1197 521 1472 570 Hei-ibertus
1486 537 1686 589 queque
1699 512 1807 591 per·

372 601 543 650 uitiosa
559 610 882 667 pertractaret,
904 616 959 648 ac
976 599 1037 648 de
1055 599 1360 666 quorundam
1376 599 1641 649 calamitate
1655 599 1805 651 multa

370 678 668 746 disponeret,
690 694 801 725 cum
826 678 949 725 inter
972 678 982 702 ⁶
1015 694 1128 726 suos
1144 677 1192 725 in
1210 688 1338 726 veste
1355 677 1582 744 praeciosa
1596 675 1799 746 sederet,

368 767 510 822 atque
527 755 655 823 apud
682 755 785 803 illos
813 765 1004 803 extensa
1029 772 1176 804 manu
1200 756 1594 819 concionaretur,
1621 755 1803 822 majore

366 834 614 901 apoplexia
638 833 703 880 ob
721 833 1092 899 superfluitatem
1119 832 1379 880 humorum
1403 844 1569 900 captus
1584 869 1598 894 ‚
1625 833 1677 882 in
1699 833 1802 901 ipsa

367 928 525 959 rerum
549 910 851 958 ordinatione
863 946 876 969 ,
904 911 1170 958 constrictis
1183 909 1402 959 manibus
1418 911 1672 977 nervisque
1686 927 1802 961 oon-

365 989 538 1048 tractis,
554 1006 639 1036 ore
652 988 795 1036 etiam
811 988 860 1035 iu
878 1005 1043 1036 aurem
1061 988 1282 1048 distorto,
1301 1004 1414 1037 cum
1427 988 1580 1038 multo
1597 988 1800 1039 horrore

362 1053 414 1115 et'
424 1066 783 1132 horripilatione
802 1083 965 1114 coram
982 1067 1078 1114 suis
1093 1066 1389 1115 inconsultus
1405 1067 1674 1134 exspiravit.
1692 1069 1800 1116 Sus·

360 1155 620 1211 ceptusque
651 1161 679 1191 a
709 1144 831 1203 suis,
868 1142 998 1211 apud
1031 1154 1247 1191 sanctum
1273 1144 1559 1201 Quintinum
1585 1143 1798 1212 ”puluis

360 1231 446 1269 est.
470 1223 579 1279 Quo
597 1220 784 1287 sepulto
802 1257 815 1279 ,
843 1220 945 1285 ejus
963 1219 1046 1268 filii
1066 1238 1178 1268 mox
1196 1239 1357 1287 regem
1375 1221 1629 1282 adeuntes,
1656 1220 1720 1270 ab
1735 1237 1795 1270 eo

359 1298 562 1363 benigne
586 1298 771 1364 excepti
788 1308 914 1345 sunt.
939 1299 1088 1346 Patris
1106 1299 1385 1363 injuriarum
1411 1299 1529 1347 nihil
1546 1298 1638 1348 sibi
1655 1298 1796 1347 redu·

358 1393 486 1424 cens.
523 1376 766 1441 Excipitur
794 1386 842 1423 et
872 1379 1009 1440 Hugo
1041 1377 1314 1443 episcopus,
1352 1394 1409 1425 ea
1442 1387 1604 1425 tamen
1627 1376 1795 1425 condi-

358 1455 505 1514 tione,
525 1463 577 1501 ut
596 1463 812 1519 tempore
830 1470 1044 1518 congruo
1073 1454 1343 1503 ratiocinari
1361 1471 1452 1521 pro
1470 1471 1522 1503 se
1538 1454 1600 1503 de
1616 1455 1795 1522 episco-

358 1542 494 1598 patus
518 1531 774 1596 adeptione
799 1547 898 1578 non
923 1531 1123 1579 differat.
1154 1535 1275 1580 Cum
1298 1532 1472 1598 quibus
1489 1547 1684 1599 quoque
1710 1549 1792 1581 rex

359 1609 641 1657 Ambianum
680 1606 916 1672 digressus
946 1619 1042 1668 est;
1078 1609 1160 1657 ubi
1198 1626 1309 1657 cum
1331 1610 1434 1657 non'
1461 1610 1563 1658 sine
1593 1617 1789 1658 suorum

355 1686 622 1753 potioribus
661 1702 860 1750 quaeque
891 1687 1127 1754 praecipua
1160 1687 1415 1754 disponere
1441 1687 1609 1747 vellet,
1641 1687 1792 1738 Erlui-

356 1782 473 1813 num
495 1763 699 1812 Rodomi
719 1773 986 1812 morantem
1005 1781 1092 1830 per
1115 1765 1321 1830 legatum
1346 1766 1558 1813 accersit.

632 1887 844 1924 xxxvnt.
856 1907 906 1916 —
923 1888 1131 1936 Congreuio
1147 1890 1284 1925 Arnum
1302 1898 1337 1925 et
1351 1889 1502 1926 Erluini.

414 1995 559 2056 Quod
582 2013 695 2044 cum
728 1995 1062 2044 malivolorum
1100 1997 1329 2046 relatione
1358 1997 1580 2046 Arnulfus
1599 2013 1790 2065 compe·

351 2076 511 2135 risset,
551 2074 746 2123 insidias
770 2075 1046 2142 praetendit‚
1083 2075 1470 2141 obvenientique,
1507 2091 1620 2142 rege
1653 2075 1788 2142 igno·

350 2164 500 2212 rante,
517 2153 767 2201 cohortem
780 2152 976 2200 inducit.
992 2153 1135 2211 Quod
1151 2153 1372 2202 Erluinus
1381 2169 1495 2201 mox
1509 2153 1782 2215 diaconem,

347 2231 491 2296 signis
525 2230 709 2278 collatis
741 2230 1062 2295 congreditur.
1100 2234 1391 2296 Congressus
1423 2231 1663 2298 utrimque
1683 2246 1784 2280 non

348 2309 583 2357 modicus.
601 2308 837 2367 Arnulfus,
860 2308 956 2356 suis
973 2309 1105 2369 fusis,
1127 2309 1421 2376 profugiens,
1442 2307 1519 2356 vix
1537 2317 1785 2375 urgentem

345 2387 508 2435 evasit.
552 2385 773 2434 Erluinus
808 2386 1005 2434 victoria
1039 2388 1217 2453 potitus
1232 2423 1245 2447 ,
1283 2383 1402 2436 alios
1433 2397 1601 2460 enecat
1615 2422 1630 2448 ,
1667 2386 1786 2436 alios

345 2465 493 2531 capit,
530 2464 648 2512 alios
678 2465 726 2511 in
761 2464 918 2529 fugam
946 2466 1086 2530 cogit.
1119 2468 1171 2513 ln
1197 2481 1295 2531 quo
1319 2465 1462 2513 etiam
1486 2465 1746 2514 certamine
1764 2501 1777 2526 ,

344 2542 692 2592 interfectorem
712 2541 936 2602 Wilelmi,
956 2544 1039 2608 qui
1064 2559 1172 2591 cum
1197 2542 1389 2591 Arnulso
1408 2543 1496 2592 sibi
1512 2542 1782 2617 vim'jntu·

389 2714 398 2732 ¹
427 2712 574 2760 apudi.

388 2770 403 2789 ⁸
429 2769 557 2815 (opius
577 2770 608 2802 l.
