1962 3262
392 294 470 339 ‘27⁴
883 298 1096 339 arcuna!
1129 294 1226 338 Lm.
1262 299 1314 338 11.

1064 514 1124 548 cl.

453 623 576 666 luter
612 619 709 666 haec
744 634 853 665 cum
890 635 968 665 rex
1004 618 1054 665 in
1089 619 1299 684 potibus
1333 618 1608 682 Burgundiae
1642 619 1801 668 adbuc

386 697 692 753 detineretur,
724 695 938 759 AEtbgiva
954 704 1104 743 mater
1114 695 1215 759 eJus
1235 697 1417 760 regina,
1446 712 1503 743 eo
1526 696 1794 762 ignorante,

386 772 631 822 Her-iberto
649 774 820 821 comite
847 773 1028 839 nupsit,
1050 783 1118 833 et,
1150 764 1307 822 relicta
1324 773 1441 822 urbe
1459 772 1689 824 Lauduno
1703 811 1718 837 ,
1736 774 1798 824 ab

382 869 444 900 eo
459 851 662 900 deducta
690 861 775 899 est.
799 851 942 910 Quod
959 868 1039 900 rex
1064 850 1365 900 vehementer
1386 851 1692 917 indignans,
1655 845 1668 877 ‘
1726 869 1798 903 re-

382 930 484 978 dire
503 939 721 988 maturat,
741 939 787 977 et
801 946 912 976 cum
922 927 1160 994 Gerberga
1176 929 1335 994 regina
1351 945 1497 986 uxore
1514 929 1795 981 [audunum

382 1007 663 1071 ingreditur3
691 1017 739 1054 et
761 1023 789 1054 a
814 1017 961 1055 matre
991 1006 1205 1055 auferens
1229 1006 1403 1073 praedia
1427 1016 1482 1057 ot
1490 1006 1626 1059 ades
1639 1009 1795 1075 regias

381 1086 516 1135 uxori
536 1084 779 1149 ²’.delegat

1045 1179 1125 1214 cn.

441 1276 622 1320 Interea
639 1270 877 1335 Gerberga
893 1272 1068 1336 regina,
1091 1271 1306 1322 Lauduni
1322 1272 1536 1337 geminos
1552 1261 1787 1321 eninest

376 1354 594 1409 Quorum
609 1349 726 1397 alter
753 1349 970 1408 Karolus,
996 1349 1112 1397 alter
1138 1349 1383 1398 Heinricus
1399 1358 1594 1398 vocatus
1618 1358 1704 1400 eut.
1734 1353 1792 1399 At

376 1429 620 1476 Heinricus
634 1444 747 1475 mox
763 1438 873 1493 post
890 1429 1007 1475 sacri
1033 1427 1324 1493 baptismatis
1345 1427 1790 1493 perceptionem,-in

374 1506 492 1553 albis
535 1505 736 1553 decedit.
778 1505 977 1553 Karolus
1010 1515 1169 1552 autem
1218 1521 1331 1551 cum
1375 1503 1574 1551 naturali
1619 1505 1789 1552 virium

375 1583 547 1631 robore
576 1583 818 1631 educatur.

1029 1664 1130 1699 cm.

420 1756 686 1804 Ludovicus
699 1773 813 1806 vero
829 1773 909 1804 rex
921 1754 1092 1804 Remos
1107 1755 1311 1814 rediens„
1330 1772 1439 1803 cum
1457 1754 1602 1803 fluvio
1620 1757 1791 1803 Axonae

374 1834 732 1900 propinquaret,
752 1849 839 1900 per
867 1826 1147 1899 campestria
1178 1832 1343 1899 lupum
1361 1832 1524 1899 praeire
1540 1821 1786 1898 conspicit.

373 1914 527 1970 Quem
555 1927 680 1976 equo
719 1911 892 1959 emisso
923 1912 1177 1970 insecutus,
1205 1928 1290 1977 per
1316 1910 1454 1958 devia
1476 1909 1690 1975 exaffltat.
1721 1908 1791 1959 Ad

373 2005 542 2037 omnes
558 1988 665 2036 ferae
681 1987 1019 2037 declinationes
1036 2004 1213 2053 equum
1231 1987 1479 2053 impatiens
1495 1984 1786 2045 obvertebat,

374 2082 462 2113 nec
495 2065 736 2130 quiescere
771 2064 1066 2130 paciebatur,
1109 2064 1265 2112 donec
1290 2063 1502 2128 equestri
1534 2061 1791 2111 certamine

374 2143 625 2207 fugientem
646 2143 896 2190 evinceret.
927 2145 1086 2207 Equus
1104 2159 1217 2207 ergo
1229 2158 1313 2207 per
1327 2142 1453 2189 invia
1467 2149 1792 2200 commeen-

373 2221 470 2286 pite
493 2220 691 2269 offendit
704 2230 845 2285 atque
867 2219 1144 2287 prolabitur.
1176 2222 1271 2267 Rex
1299 2235 1412 2267 vero
1439 2218 1710 2285 gravissime
1725 2227 1793 2273 at·

374 2298 511 2346 tritus
525 2313 656 2358 casu,
677 2308 725 2346 et
741 2314 770 2345 a
786 2299 882 2346 suis
897 2308 1135 2365 exceptam,
1158 2315 1268 2346 cum
1293 2297 1444 2345 multo
1457 2296 1675 2344 munium
1695 2308 1792 2344 me-

375 2392 482 2424 rore
501 2375 527 2418 Ρ
543 2377 766 2436 ,Remos
795 2375 1086 2441 deportatur.
1135 2376 1317 2424 Infestis
1353 2375 1510 2439 itaque
1547 2369 1793 2422 doloribus

375 2463 476 2500 toto
498 2468 699 2519 corpore
714 2452 982 2501 vexabatur.
1008 2456 1064 2501 Et
1090 2463 1198 2520 post
1222 2453 1454 2500 diutinam
1475 2449 1792 2506 valemdinem

372 2530 605 2595 corruptis
636 2529 829 2576 interius
861 2530 1115 2578 visceribus
1132 2530 1197 2577 ob
1226 2529 1483 2577 humorum
1501 2526 1793 2594 superfluita-

423 2692 430 2708 ¹
461 2690 489 2729 i,
509 2701 589 2723 cum
606 2689 774 2734 gerberga
790 2689 909 2723 deleta.

420 2739 434 2756 ¹
460 2749 495 2769 u.
516 2736 636 2770 omnia
655 2735 777 2768 deleta.

422 2784 434 2801 ¹
461 2784 553 2817 luctu
571 2796 653 2816 corr.
674 2794 819 2816 merore.
