1962 3262
319 246 373 285 72
822 247 1042 288 mentitu
1073 248 1172 289 Lm.
1207 249 1241 290 Ι.

319 324 591 386 mobilibus,
613 334 666 373 ut
681 342 848 375 eorum
866 327 1000 376 color
1017 329 1197 376 nemini
1220 329 1283 377 ad
1309 329 1505 395 plenum
1531 330 1746 379 innotue-

321 402 402 462 rit,
423 401 627 468 pedibus
643 404 844 452 omnino
863 405 1223 472 inpatientibus,
1258 418 1416 455 mente
1446 406 1554 455 levi.
1581 408 1746 457 Οτιᾱο

318 480 436 544 ejus,
457 480 677 547 ambigua
701 482 883 531 ratione
908 484 1187 544 consistens,
1215 485 1519 550 interrogatio
1551 483 1742 547 fallens,

319 559 565 626 responsio
594 576 791 627 anceps;
812 561 1040 610 orationis
1067 572 1247 629 partes,
1277 580 1385 611 raro
1417 562 1633 611 dilucidae
1655 561 1745 612 sibi

319 636 635 687 cohaercbant.
648 639 755 686 Suis
765 638 888 687 adeo
894 639 1132 706 profusus,
1143 640 1293 690 aliena
1300 641 1740 704 enormitersitiens,

321 714 579 779 majoribus
594 732 649 763 ac
662 714 751 763 sibi
768 715 1027 781 aequalibus
1055 734 1217 766 coram
1236 717 1414 779 favens,
1432 718 1617 768 occulte
1629 736 1745 769 vero

321 791 561 853 invidens;
590 811 748 842 rerum
772 794 1051 843 confiisione
1074 812 1130 844 ac
1154 806 1318 846 mutua
1334 796 1663 847 dissidentium
1681 798 1748 847 in-

319 871 573 919 sectatione
591 870 847 937 plurimum
865 871 1089 936 gaudens.

953 1354 1120 1390 XXXVI.

386 1455 507 1503 Talis
533 1455 691 1520 itaque
717 1456 766 1503 in
802 1472 962 1521 regem
988 1457 1135 1504 nimia
1164 1456 1463 1504 animositate
1494 1455 1745 1504 ferebatur.

324 1532 638 1581 Meditabatur
665 1549 860 1599 quoque
883 1535 1005 1599 regis
1034 1534 1348 1598 abjectionem
1380 1533 1670 1592 admodum,
1696 1550 1752 1582 ac

324 1609 584 1675 plurimum
607 1610 653 1658 id
679 1611 993 1677 pertractabat
1019 1611 1147 1678 apud
1179 1628 1263 1659 eos
1285 1611 1367 1676 qui
1390 1611 1440 1659 in
1465 1610 1648 1676 Belgica
1668 1627 1754 1678 po-

325 1688 468 1736 tiores
492 1687 793 1749 videbantur,
822 1705 922 1737 non
945 1689 1140 1754 quidem
1175 1687 1419 1749 notberto,
1456 1687 1541 1735 sed
1563 1686 1654 1735 sibi
1683 1703 1754 1736 re-

326 1782 474 1830 gnum
502 1766 754 1827 affectans3
784 1783 868 1815 sua
902 1783 1095 1833 quoque
1121 1766 1413 1833 principibus
1439 1782 1563 1832 pene
1591 1765 1754 1814 omnia

326 1843 627 1892 distribuens.
660 1847 718 1892 Et
734 1845 937 1909 majores
953 1845 1148 1910 quidem
1166 1844 1352 1911 praediis
1369 1854 1417 1893 et
1433 1843 1612 1892 aedibus
1628 1859 1755 1909 egre·

329 1922 414 1986 giis
446 1921 603 1969 inclite
633 1921 865 1982 donabat,
901 1922 1164 1971 mediocres
1187 1933 1346 1970 autem
1370 1923 1473 1970 auri
1501 1933 1549 1970 et
1574 1923 1754 1987 argenn’

330 1998 514 2047 talentis
548 1998 799 2048 efficaciter
831 1999 1066 2048 illiciebat.
1107 2001 1178 2048 Fit
1213 2002 1370 2066 itaque
1401 2000 1663 2048 multorum
1696 2017 1755 2048 ex

329 2076 513 2141 Belgica
534 2093 644 2124 curn
661 2093 720 2124 eo
738 2094 1013 2126 consensus.
1044 2077 1135 2125 Sed
1157 2077 1251 2125 hoc
1283 2078 1394 2125 satis
1427 2075 1677 2143 inprovide
1699 2093 1755 2125 ac

330 2154 618 2214 inconsulte3
646 2149 758 2202 nam
786 2155 893 2204 licet
914 2154 980 2202 ob
1004 2171 1173 2219 magna
1206 2154 1435 2202 beneficia
1458 2163 1758 2220 comparatos

330 2230 419 2279 sibi
437 2232 719 2291 attraxisset,
751 2249 850 2280 non
878 2242 1037 2280 tamen
1061 2249 1118 2279 ex
1146 2230 1457 2296 jurejurando
1480 2229 1542 2279 ad
1573 2241 1760 2297 patran-

331 2309 448 2357 dum
472 2309 652 2357 facinus
675 2309 763 2356 sibi
782 2310 1021 2357 annexuit.
1041 2310 1228 2357 Leviter
1244 2325 1358 2373 ergo
1375 2309 1574 2368 attracti,
1595 2307 1760 2357 leviter

332 2395 437 2451 post
456 2385 690 2434 dissociati
717 2386 861 2434 fuere.

950 2489 1140 2524 xxxvu.

401 2579 519 2622 Nam
528 2591 640 2622 cum
654 2574 870 2635 Karolus,
886 2575 980 2623 hoc
997 2575 1178 2634 audito,
1200 2574 1228 2623 a
1242 2575 1415 2623 Celtica
1429 2590 1540 2622 cum
1554 2545 1759 2621 exercitu

338 2652 526 2711 rediret,
555 2652 798 2718 Belgisque
829 2651 1007 2700 bellum
1034 2652 1204 2700 inferre
1227 2662 1436 2718 pararet,
1467 2650 1616 2716 Belgae
1648 2666 1762 2699 mox

339 2747 435 2777 non
461 2731 510 2779 in
534 2741 698 2796 aperto
729 2747 838 2778 cum
863 2729 1126 2777 Gisleberto
1157 2731 1371 2778 resistere
1401 2730 1488 2777 nisi
1514 2737 1646 2787 sunt,
1675 2726 1761 2776 sed
