1962 3262
338 250 419 289 206
830 248 1049 290 {nemim
1080 248 1180 289 [ΑΒ.
1215 248 1271 289 11.

1003 372 1098 407 mv.

405 474 591 520 Interea
605 473 722 519 Otto
743 488 826 519 rex
856 488 987 531 cum,
1012 471 1180 520 Rheno
1199 472 1475 520 transmisso
1489 508 1502 532 ,
1524 472 1783 523 exeoeitum

339 565 425 615 per
448 548 684 615 Belgicam
709 548 930 610 duceret,
949 549 1112 599 obviat
1136 551 1234 616 regi
1251 549 1539 613 Conrhado,
1569 551 1653 617 qui
1671 560 1785 600 tnnc

339 627 401 676 ab
418 626 614 695 Alpibus
628 644 869 694 egressus,
897 645 1010 676 cum
1032 627 1182 677 multa
1209 628 1513 695 expeditione
1540 627 1786 680 Ludovico

340 723 616 755 succurrere
643 706 953 755 accelerabat.
985 707 1145 755 Juncti
1169 724 1284 773 ergo
1308 706 1478 768 ambo,
1499 725 1613 757 cum
1632 706 1787 758 multo

341 784 553 850 equitatu
596 783 950 850 gradiebantur.
988 787 1208 844 Quorum
1244 800 1488 834 accessum
1520 785 1789 836 Ludovicus

341 862 597 911 dinoscens
613 899 626 922 ,
655 863 791 911 ocius
815 863 1040 911 occurrit.
1059 866 1173 912 Tres
1190 864 1350 930 itaque
1368 880 1530 930 regeS,
1561 865 1611 913 in
1635 881 1789 914 unum

342 941 554 1002 collecti,
591 941 735 1008 primi
768 942 1042 990 certaminis
1070 940 1287 990 laborem
1321 941 1557 991 Lauduno
1582 943 1789 992 inseren-

344 1020 462 1068 dum
480 1019 762 1068 decernunt.
793 1022 851 1068 Et
874 1020 977 1069 sine
993 1037 1131 1068 mora
1149 1056 1163 1081 ,
1187 1020 1270 1068 illo
1294 1021 1557 1071 exercitum
1583 1021 1785 1071 dumnt.

345 1102 468 1147 Cum
490 1114 606 1163 ergo
624 1114 683 1146 ex
707 1097 909 1146 adverso
936 1099 1115 1146 montis
1139 1099 1450 1147 eminentiam
1467 1098 1716 1163 viderent,
1744 1110 1792 1150 et

346 1176 483 1224 omni
498 1186 634 1242 parte
652 1175 783 1224 urbis
805 1176 949 1224 situm
973 1176 1279 1244 explorarent
1294 1213 1307 1238 ,
1335 1178 1531 1244 cognito
1554 1178 1793 1228 incanum

347 1271 450 1303 sese
474 1254 540 1302 ibi
576 1264 869 1315 certaturos,
905 1254 967 1302 ab
994 1271 1051 1303 ea
1081 1254 1201 1303 urbe
1232 1255 1517 1317 discedunt,
1549 1265 1598 1305 et
1620 1257 1796 1305 Remos

348 1332 649 1381 adoriuntur.
684 1332 775 1380 Ubi
800 1334 913 1398 quia
942 1332 1169 1399 planicies
1199 1333 1596 1383 commoditatem
1617 1334 1796 1383 exemi-

351 1411 476 1459 tibus
493 1410 718 1478 parabat,
750 1411 940 1459 obsidio
968 1412 1342 1478 circumquaque
1367 1411 1598 1478 disposita
1620 1422 1707 1461 est.
1739 1414 1798 1460 Et

351 1490 510 1555 primo
527 1490 788 1538 certamine
807 1491 1079 1538 comminus
1105 1500 1371 1556 pugnatum
1390 1500 1485 1551 est;
1504 1490 1554 1538 in
1582 1506 1683 1556 quo
1703 1489 1798 1539 tela

352 1585 408 1616 ac
425 1567 608 1635 lapides
632 1578 731 1617 tam
758 1568 907 1617 dense
937 1568 1234 1629 ferebantur,
1262 1584 1409 1634 quam
1434 1567 1585 1616 densa
1613 1568 1798 1634 grando

353 1646 648 1712 quandoque
681 1646 922 1695 dilabitur.
952 1650 1043 1695 Per
1069 1647 1300 1711 integram
1327 1662 1442 1712 ergo
1465 1645 1618 1707 diem,
1645 1648 1799 1696 conti—

359 1726 468 1773 nuis
485 1724 697 1773 motibus
713 1724 829 1773 urbs
848 1725 1106 1791 inpugnata
1133 1734 1219 1772 est.
1250 1727 1361 1772 Post
1388 1741 1503 1772 vero
1528 1724 1801 1774 comminus

355 1804 528 1870 septies
546 1802 825 1851 dimicatum
843 1839 856 1863 ,
882 1812 1024 1868 atque
1039 1802 1134 1850 hoc
1153 1801 1250 1850 fere
1266 1818 1351 1868 per
1369 1801 1471 1850 dies
1494 1819 1592 1852 sex.

1035 1948 1111 1982 Lv.

424 2055 521 2100 Nec
537 2061 699 2100 tamen
717 2052 845 2100 cives
859 2050 1064 2099 assiduis
1080 2050 1362 2100 tumultibus
1379 2053 1492 2100 victi
1503 2087 1518 2114 ,
1536 2050 1636 2100 ullo
1651 2050 1804 2103 modo

357 2128 619 2190 cedebant,
647 2146 760 2178 cum
784 2146 954 2178 eorum
983 2129 1157 2197 praesul
1174 2133 1313 2196 Hugo
1328 2168 1343 2192 ,
1368 2129 1607 2197 quosdam
1631 2130 1806 2198 prind-

359 2225 478 2274 pum
492 2244 506 2268 ,
530 2209 612 2273 qui
639 2208 731 2256 sibi
749 2207 962 2274 quadam
978 2209 1264 2273 cognatione
1277 2207 1647 2271 conveniebant,
1674 2218 1806 2259 extu

363 2286 531 2335 urbem
549 2287 560 2311 ¹
587 2287 823 2335 allocutus
838 2297 932 2347 est,
952 2303 1169 2352 quaerens
1184 2286 1246 2334 ab
1261 2287 1330 2335 eis
1355 2288 1591 2336 rationem
1603 2322 1617 2348 ,
1648 2297 1703 2336 ut
1718 2288 1807 2336 sci—

362 2366 470 2414 licet
496 2366 613 2431 quid
636 2366 876 2432 agendum
892 2402 906 2426 ,
940 2365 1059 2431 quid
1083 2365 1360 2425 vitandum,
1393 2365 1483 2413 sibi
1504 2365 1744 2425 dicerent3
1766 2365 1809 2413 si

361 2444 633 2511 aliquorum
664 2445 1003 2493 intercessione
1035 2444 1085 2492 id
1121 2444 1417 2492 medendum
1452 2444 1696 2494 videretur
1713 2480 1727 2505 ,
1769 2444 1808 2491 si

362 2540 486 2591 opus
512 2523 635 2573 foret
657 2523 905 2591 precibus,
935 2524 973 2571 si
998 2524 1142 2572 etiam
1170 2540 1342 2590 pugnae
1365 2523 1642 2573 instandum
1663 2532 1804 2594 esset.

364 2600 433 2649 nli
458 2619 570 2651 mox
592 2619 759 2668 regum
778 2602 1129 2651 animositatem
1147 2600 1557 2663 demonstrantes,
1585 2601 1734 2650 fixum
1759 2602 1810 2649 in

417 2761 427 2782 ⁸
456 2774 492 2795 u.
505 2770 634 2810 preter
649 2775 793 2798 monim
811 2762 1059 2798 conscientiam
1077 2773 1096 2796 ι
1108 2787 1117 2803 ,
1136 2760 1257 2796 delen.
