1962 3262
760 484 1303 562 PROLOGUS.

933 693 1114 704 ——.

392 843 621 898 nomNo
657 844 729 890 Ac
761 843 1100 891 BEA‘rlssmo
1129 844 1302 891 PA‘rm
1333 843 1664 896 GERBERTO.

633 934 925 982 REMORUM
957 933 1435 990 Ancfllssrlscoro.

603 1082 997 1135 RIGHERUS
1046 1083 1477 1135 HONACHUS.

379 1243 642 1289 Cannium
666 1240 996 1305 congressibus
1019 1241 1069 1288 in
1085 1240 1328 1288 volumine
1346 1239 1642 1306 regerendis,
1660 1240 1748 1288 im·

315 1319 433 1384 perii
458 1319 544 1379 tui,
572 1328 707 1384 pater
723 1318 1015 1366 sanctissime
1039 1318 1267 1366 Gerberte
1285 1318 1323 1378 ⁴,
1336 1317 1591 1366 auctoritas
1612 1317 1750 1366 semi·

314 1395 502 1443 narium
527 1394 674 1443 dedit.
705 1397 884 1454 Quam,
912 1396 1025 1461 quia
1049 1412 1286 1444 summam
1315 1394 1564 1444 utilitatem
1586 1394 1747 1455 affert,

314 1485 362 1522 et
385 1489 548 1522 rerum
566 1473 765 1524 materia
775 1489 877 1522 sese
894 1472 1140 1540 multiplex
1154 1473 1173 1498 ²
1190 1471 1384 1540 prebet,
1405 1484 1465 1522 eo
1481 1472 1629 1531 anitni
1643 1472 1748 1520 nisu

315 1551 626 1618 complector,
654 1567 750 1615 qua
768 1548 980 1615 jubentis
1003 1551 1123 1599 mira
1144 1549 1463 1599 benivolentia
1479 1549 1746 1617 pertrahor.

317 1629 462 1693 Cujus
482 1628 551 1676 rei
569 1628 757 1675 initium
772 1628 968 1676 avicino
980 1627 1255 1676 ducendum
1272 1628 1533 1677 existimavi
1546 1628 1585 1688 ⁸,
1602 1644 1715 1677 cum
1733 1630 1748 1653 ⁴

319 1723 397 1755 res
421 1706 573 1754 multo
591 1715 701 1753 ante
718 1714 886 1770 gestas,
914 1704 1033 1753 divae
1050 1706 1292 1754 memoriae
1308 1706 1325 1730 ⁸
1347 1706 1629 1754 Hincmarus
1643 1716 1755 1754 ante

322 1794 371 1833 te
394 1785 442 1831 in
462 1782 742 1850 pontificatu
766 1783 1013 1842 octavus⁸‚
1041 1783 1137 1830 suis
1159 1782 1409 1830 annalibus
1432 1783 1756 1849 copiosissime

323 1861 576 1921 annexuit;
598 1870 826 1926 tantoque
837 1861 1081 1927 superiora
1099 1860 1247 1908 lector
1264 1877 1320 1908 ea
1332 1861 1557 1921 inveniet,
1575 1870 1756 1927 quanto

325 1957 352 1988 a
377 1939 529 1987 nostri
547 1938 763 2005 opusculi
780 1938 996 1998 emrffio,
1019 1956 1104 2004 per
1121 1939 1222 2002 ejus
1239 1949 1420 2004 regesta
1437 1956 1539 1987 sese
1555 1938 1750 1987 attollet.

328 2021 385 2065 Et
399 2018 498 2065 hoc
515 2017 729 2081 inquam,
758 2033 820 2064 ne
837 2015 1121 2064 Karolorum
1145 2016 1443 2082 aliorumque
1465 2017 1686 2082 frequens
1709 2018 1758 2065 in

327 2105 534 2160 utroque
557 2110 702 2159 opere
727 2093 960 2159 repetitio,
979 2094 1136 2159 operis
1154 2094 1397 2160 utriusque
1420 2093 1639 2143 ordinem
1664 2105 1760 2143 tur·

330 2172 427 2220 bet.
466 2171 557 2219 Ubi
586 2171 714 2219 enim
754 2187 913 2218 rerum
938 2170 1060 2218 ordo
1090 2188 1188 2219 non
1222 2171 1505 2233 advertitur,
1539 2181 1671 2221 tanto
1695 2174 1763 2221 ni·

333 2260 512 2298 tentem
537 2266 671 2297 error
703 2247 969 2307 confundit,
1001 2259 1181 2313 quanto
1211 2266 1238 2296 a
1262 2249 1382 2297 serie
1403 2248 1586 2298 ordinis
1608 2266 1766 2298 erran-

336 2339 431 2376 tem
448 2327 647 2375 seducit.
662 2326 799 2374 Unde
809 2342 920 2373 cum
938 2325 1016 2373 hic
1033 2317 1175 2390 atque
1194 2326 1426 2392 illimsaepe
1445 2327 1622 2387 Karoli‚
1642 2344 1765 2394 sepe

389 2493 398 2511 ⁸
426 2492 472 2525 G.
499 2489 613 2525 code-r.

387 2550 402 2568 ¹
428 2560 447 2582 x
473 2548 615 2580 evanuit.
688 2580 703 2594 ‘

391 2605 405 2624 ⁸
430 2603 558 2638 ducere
578 2601 672 2636 volui
690 2601 731 2634 ab
749 2609 879 2634 macrone
898 2609 1070 2638 mutuum,
1093 2610 1128 2632 m
1145 2613 1253 2647 eupm.

388 2661 401 2681 ⁴
427 2672 461 2695 m
486 2660 628 2693 monuit.

386 2718 402 2736 ⁸
426 2715 463 2750 d.
485 2727 533 2749 m.
555 2713 669 2748 code-t.

390 2773 404 2790 ⁶
431 2774 538 2804 Pn'aa
557 2782 653 2803 manu
672 2768 879 2803 niueum„
897 2776 976 2800 ante
996 2775 1028 2800 te
1047 2767 1211 2812 septimus
1230 2767 1418 2801 Remorum
1441 2770 1742 2816 metropolitanus.
