1962 3262
321 234 396 272 182
711 258 727 274 .
803 231 1023 273 menam
1053 232 1150 273 ΗΒ.
1182 232 1238 273 u.

317 310 449 370 ierat,
472 310 659 359 militari
678 312 987 360 insectatione
1003 312 1384 380 comprehendit.
1413 315 1559 379 Cujtts
1576 330 1747 365 munus

316 388 631 449 obtruncans,
661 389 710 437 in
744 388 974 438 ultionem
1005 391 1144 439 amici
1176 390 1481 441 Rhodomum
1512 394 1653 442 misit.
1683 397 1748 442 Ae

317 483 533 515 cesorum
565 469 738 534 ereptis
764 467 1001 517 manubiis
1020 505 1033 528 ,
1062 468 1124 517 nd
1147 485 1307 536 regem
1330 472 1578 538 concessit..
1601 536 1603 538 ‚
1630 520 1632 522 ,

950 929 1123 964 XXXIX.

387 1038 497 1095 Quo
522 1045 739 1101 tempore
760 1037 900 1099 Hugo
924 1034 1022 1082 dux
1050 1035 1098 1081 in
1131 1050 1301 1098 magna
1325 1034 1471 1099 gratie
1497 1033 1756 1100 rqih'nh-

325 1123 426 1172 tus,
454 1113 556 1177 ejus
580 1111 725 1160 filiam
748 1129 806 1160 ex
824 1128 959 1161 sacro
983 1112 1176 1160 lavacro
1189 1111 1408 1177 suscepit.
1430 1103 1765 1167 Undeetem

325 1191 437 1239 rex·
470 1191 687 1239 omnium
711 1190 970 1238 Galliarum
1000 1190 1174 1238 ducem
1205 1189 1465 1237 constituit.
1494 1191 1608 1248 Quo
1631 1187 1765 1237 duee

326 1285 407 1316 rex
431 1269 694 1334 equitatum
726 1284 923 1335 parans,
950 1284 1061 1315 cum
1084 1258 1325 1332 Gerberga
1350 1267 1513 1332 regina
1541 1266 1592 1315 in
1617 1266 1760 1332 Aqui-

326 1346 502 1394 taniam
535 1346 867 1412 proficiscitur,
889 1363 945 1394 ac
962 1344 1131 1394 urbem
1149 1345 1447 1393 Nivernicam
1471 1344 1728 1393 deveniens
1741 1380 1755 1404 ,

326 1424 596 1471 Gothorum
615 1424 788 1472 ducem
807 1422 1169 1489 Ragemundum
1192 1423 1631 1489 Aquitanorumque
1646 1437 1762 1490 prm-

328 1502 494 1568 cipuos
513 1501 606 1549 illic
624 1501 793 1549 obvios
811 1501 1009 1567 excepit.
1034 1500 1173 1567 Apud
1188 1516 1312 1566 quos
1330 1499 1392 1549 de
1405 1500 1760 1588 provinciarum

327 1597 441 1627 cura
463 1589 771 1646 pertractanS,
801 1589 855 1627 ut
884 1579 1075 1627 illorum
1105 1578 1268 1625 omnia
1302 1577 1375 1624 sui
1404 1577 1525 1641 juris
1548 1574 1762 1627 videren-

331 1668 424 1718 tur,
446 1656 507 1704 ab
540 1657 607 1704 eis
637 1657 908 1723 provincias
930 1656 1124 1722 recepit.
1155 1658 1249 1704 Nec
1275 1653 1456 1703 distth
1490 1671 1657 1703 earum
1682 1652 1764 1703 ad·

331 1734 724 1782 ministrationem
758 1734 825 1781 eis
857 1732 1067 1780 credere.
1109 1733 1357 1780 Commisit
1391 1733 1550 1797 itaque
1585 1748 1642 1780 ac
1673 1748 1761 1781 suo

331 1811 463 1859 dono
489 1811 594 1858 illos
618 1811 874 1876 principari
901 1811 1161 1870 constituit,
1185 1810 1311 1875 regia
1327 1809 1562 1858 hilaritate
1589 1808 1764 1858 hilares

334 1889 487 1937 redire
523 1889 815 1954 permittens.
852 1891 917 1935 Ac
938 1904 1050 1935 cum
1083 1887 1206 1935 duee
1238 1888 1326 1935 iter
1358 1887 1459 1954 ipse
1484 1888 1534 1935 in
1561 1887 1763 1936 Galliam

336 1977 631 2032 retorquens,
654 1965 870 2014 Lauduni
893 1982 994 2014 sese
1013 1966 1206 2031 recepit.

383 2089 459 2123 XL.
471 2108 520 2116 -
531 2088 697 2123 Amnlfm
711 2095 747 2123 et
759 2088 924 2123 Erlninu·
939 2089 1028 2135 regis
1042 2088 1201 2123 suasione
1211 2088 1232 2110 ⁶
1247 2089 1285 2123 in
1300 2087 1496 2124 amicicinm
1511 2086 1703 2126 adeunt·-

403 2190 492 2238 Ubi
532 2208 728 2238 suorum
775 2191 1039 2257 praecipuos
1081 2201 1250 2257 praeter
1288 2190 1464 2239 ducem
1507 2188 1762 2256 colligens,

337 2269 465 2335 apud
490 2286 573 2317 eos
597 2269 765 2334 agebat
789 2270 1012 2335 quatinus
1035 2270 1123 2316 viri
1148 2269 1351 2318 illustres
1377 2268 1599 2319 Amulfu's
1623 2277 1767 2335 atque

339 2347 575 2406 Erluinus,
608 2347 836 2395 factarum
860 2347 1141 2412 injuriarum
1175 2348 1463 2395 inmemores
1492 2345 1679 2406 fierent,
1711 2361 1768 2393 ac

337 2426 385 2473 in
428 2424 747 2473 benivolentia
788 2426 1059 2485 unirentur;
1099 2426 1195 2473 suis
1231 2425 1372 2473 rebus
1415 2424 1768 2491 prosperiorem

338 2514 561 2552 eventum
585 2502 748 2551 deberi
782 2513 927 2563 ratus,
956 2519 1152 2551 suorum
1180 2501 1453 2551 eoncordia.
1483 2501 1770 2550 Convocatis

387 2663 404 2681 ‘
432 2660 499 2702 ui,
515 2658 560 2694 de
575 2659 713 2713 abfca'm.

389 2718 398 2740 ⁸
427 2728 486 2750 rex
503 2715 657 2750 ancioe
676 2714 801 2751 ducem
821 2718 853 2749 1.
