1962 3262
330 236 407 272 11⁶2
822 232 1039 273 iucuEm
1072 233 1170 274 Lm.
1207 235 1239 274 1.

326 558 438 593 hxu.
456 558 639 606 —Cnptio
661 558 812 594 Bovonis
829 562 847 579 ⁸
870 559 1084 595 Catalaunici
1100 563 1118 581 ⁰
1140 560 1293 608 episcopi
1315 562 1573 609 laudunique·
1595 559 1697 599 eud
1710 566 1744 598 ⁸.

389 667 505 724 Quae
529 664 645 711 dum
671 674 960 729 gererentur,
990 667 1120 712 Bovo
1147 664 1555 715 Catalaunensiurn
1571 667 1749 733 episeo-

326 759 442 808 pus,
479 742 668 789 fortuita
702 742 1028 807 peragratione
1060 758 1089 789 a
1125 743 1260 808 regiis
1307 743 1606 810 stipatoribus
1638 761 1750 812 cup-

327 828 423 876 tus,
453 835 511 865 eo
544 817 676 882 quod
710 827 756 864 et
786 818 884 883 ipse
908 817 1122 866 desertor
1143 818 1206 866 ab
1232 835 1340 884 rege
1363 820 1620 880 defecerat,
1652 822 1749 887 megi

326 897 512 945 oblatus
527 907 613 945 est.
635 897 730 955 Qui
748 896 876 962 apud
895 913 1072 962 regem,
1087 897 1398 964 prodentibus
1411 900 1483 947 sui
1509 899 1615 949 facti
1640 917 1752 948 con·

327 975 456 1032 sciis,
481 974 728 1022 convictus
746 974 782 1031 ⁶,
807 973 1040 1038 ergastulo
1060 974 1368 1040 mancipatur.
1398 979 1507 1034 Quo
1528 987 1746 1044 peracto,

329 1070 357 1100 a
380 1052 587 1118 pernicie
604 1051 834 1099 Heriberti
851 1068 950 1099 non
967 1051 1193 1099 desistens
1205 1088 1217 1111 ,
1247 1055 1445 1117 Hugone
1456 1053 1626 1113 ascito,
1640 1070 1749 1104 cum

330 1140 440 1177 octo
471 1128 660 1176 milibus
692 1129 974 1177 Laudunum
1005 1130 1198 1195 appetit.
1230 1129 1319 1177 Ubi
1345 1147 1456 1178 cum
1485 1131 1754 1183 Hei-iberum

333 1209 479 1255 multa
502 1207 754 1256 obsidione
782 1218 1041 1273 urgeretur,
1072 1208 1343 1272 egrediendi
1374 1209 1535 1257 locum
1559 1207 1621 1258 ab
1646 1226 1755 1277 rege

332 1286 563 1352 postulat,
593 1303 651 1334 eo
682 1286 814 1352 quod
851 1286 1011 1352 copias
1052 1285 1254 1334 militum
1288 1285 1600 1353 ciborumque
1633 1287 1759 1337 suffi-

332 1365 508 1412 cientes
521 1380 619 1411 non
635 1363 846 1411 haberet.
877 1366 985 1422 Quo
1001 1363 1063 1411 ab
1081 1380 1189 1428 rege
1206 1363 1404 1412 obtento
1415 1400 1428 1423 ‚
1456 1381 1566 1413 cum
1584 1359 1680 1413 suis
1696 1365 1758 1414 ab

335 1442 451 1489 urbe
485 1442 646 1500 exivit;
681 1458 877 1489 uxorem
913 1441 960 1488 in
998 1458 1105 1489 arce
1138 1458 1282 1507 quam
1314 1451 1599 1490 exstruxerat
1624 1441 1760 1492 relin-

246 1570 249 1573 ,
334 1537 507 1585 quens,
529 1537 639 1567 cum
655 1521 803 1587 copiis
820 1537 921 1567 sese
939 1519 1280 1567 subventurum
1303 1519 1351 1567 in
1376 1520 1594 1586 proximo
1610 1530 1753 1569 ratus.

337 1600 430 1646 Rex
466 1614 665 1646 vacuam
700 1597 868 1646 urbem
902 1598 1160 1663 ingressuS,
1188 1596 1420 1663 dolosque
1458 1599 1645 1664 penitus
1678 1599 1760 1647 ad·

336 1687 547 1736 vertenS,
574 1693 731 1724 arcem
756 1676 979 1724 diuturna
1005 1677 1352 1742 expugnatione
1375 1687 1532 1735 vexat,
1558 1693 1760 1743 cunque

337 1755 706 1819 circumquaque
720 1754 884 1811 vallat,
906 1771 961 1802 ac
980 1771 1174 1801 omnem
1193 1754 1463 1818 egrediendi
1481 1755 1662 1803 aditum
1678 1755 1760 1804 ob-

339 1833 516 1892 cludit3
562 1849 770 1898 pugnam
812 1832 994 1880 diutina
1035 1833 1366 1897 congressione
1407 1832 1652 1881 adhibens.
1704 1838 1760 1882 At

340 1920 471 1957 tanto
498 1910 753 1957 certamine
776 1910 897 1957 vires
922 1909 1234 1957 resistentium
1261 1909 1486 1975 impares,
1516 1910 1657 1958 armis
1679 1910 1761 1959 de-

340 1988 505 2054 positis
534 1987 736 2046 cedunt,
770 2003 825 2034 ac
859 2004 950 2053 pro
984 1988 1077 2034 vita
1110 1987 1390 2052 supplicant.
1424 1988 1611 2035 Tiranni
1645 2003 1760 2035 vero

343 2081 461 2112 uxor
482 2064 622 2111 simul
645 2065 793 2123 victa,
815 2081 904 2130 pro
922 2080 972 2111 se
997 2064 1224 2130 petitura,
1253 2063 1314 2111 ad
1342 2080 1501 2128 regem
1529 2079 1639 2111 cum
1667 2065 1762 2112 suis

341 2153 564 2208 properat
578 2179 589 2201 ‚
612 2158 768 2190 arcem
788 2141 992 2190 reddens
1007 2179 1019 2200 ,
1039 2159 1094 2189 ac
1113 2141 1385 2206 egrediendi
1402 2152 1584 2189 tanturn
1601 2141 1760 2190 locum

343 2231 521 2288 petens.
563 2223 656 2269 Rex
690 2237 803 2269 vero
839 2221 1063 2268 feminam
1099 2221 1300 2268 retinere
1333 2219 1613 2284 dedignans,
1651 2235 1761 2268 cum

342 2300 437 2347 suis
469 2299 649 2363 digredi
680 2300 914 2365 permisit,
953 2316 1008 2346 ac
1032 2315 1188 2346 arcem
1217 2297 1385 2346 exinde
1408 2315 1517 2345 curn
1542 2298 1659 2347 urbe
1682 2298 1765 2346 ob-

341 2378 492 2424 tinuit.

391 2500 407 2516 '
437 2497 507 2539 Bo,
528 2497 610 2538 uni,
628 2496 721 2537 Lau,
734 2496 837 2530 castri
853 2509 891 2529 ιι
913 2498 1048 2542 conjece.

393 2554 402 2573 ⁸
431 2552 681 2587 rationabiliter
696 2551 874 2586 convictu·
893 2553 924 2584 Ι.
