1962 3262
365 249 411 288 18
865 247 1083 290 mem-:m
1115 248 1212 290 Lm.
1246 250 1279 289 1.

357 329 572 395 repulsis,
600 330 745 379 fames
762 331 919 380 valida
932 332 1180 381 subsecuta
1198 343 1291 393 est,
1310 350 1419 382 cum
1440 335 1643 384 triennio
1659 345 1783 387 terra

355 407 531 457 inculta
562 410 851 457 remanserit.
894 413 999 459 Jam
1027 412 1156 459 enim
1180 428 1401 460 mensura
1427 412 1648 462 frumenti
1677 428 1782 481 que

353 486 560 535 sedecies
574 486 716 535 ducta
732 487 948 535 modium
966 487 1124 548 efficit,
1144 488 1310 537 decem
1325 489 1532 554 dragmis
1543 488 1777 551 veniebat,

352 563 615 629 gallinah’us
645 580 838 629 quoque
861 575 1067 631 quatuor
1090 566 1318 631 dragmis3
1355 567 1457 614 ovis
1486 583 1600 614 vero
1630 564 1783 616 tribue

353 642 524 702 unciis,
542 644 685 707 atque
697 659 855 702 vacca,
875 643 984 691 iabo
1001 643 1266 692 tollebatur.
1280 645 1386 692 Vini
1399 644 1526 692 nulla
1540 644 1780 712 coemptio

348 730 466 780 erat,
495 737 605 768 cum
624 722 791 768 vinetis
810 721 986 787 ubique
1001 723 1207 783 succisis,
1230 723 1305 771 vix
1324 723 1424 787 ejus
1442 723 1619 788 aliquid
1636 721 1781 773 habe-

347 797 502 846 batur.
541 801 635 846 Rex
666 799 844 846 interea
874 816 960 866 per
980 799 1084 847 loca
1105 800 1142 860 ⁰,
1174 818 1279 866 quae
1299 801 1461 867 piratis
1494 799 1780 851 irruentibus
1839 828 1845 835 ·

347 875 530 924 aditum
549 875 843 942 praebebant,
874 867 1161 925 munitiones
1178 880 1391 940 exstruit,
1418 896 1473 927 ac
1498 879 1547 927 in
1573 879 1641 927 eis
1663 878 1781 927 mili-

347 965 449 1003 tum
466 955 627 1020 copias
642 955 792 1020 ponit.
815 958 918 1022 lpse
934 972 1045 1002 cum
1063 956 1267 1003 exercitu
1285 956 1335 1003 in
1354 957 1609 1021 Aquitaniae
1622 966 1780 1023 partes

346 1032 588 1092 secedens,
611 1049 710 1080 non
730 1043 840 1080 ante
864 1050 913 1081 se
938 1032 1202 1080 rediturum
1225 1050 1520 1099 proponens,
1540 1050 1685 1099 quam
1702 1050 1780 1083 su-

345 1111 558 1178 pradicta
591 1110 739 1158 modii
773 1111 1064 1159 frumentan'i
1097 1128 1335 1170 mensura,
1369 1111 1778 1177 duabusdragmis

345 1189 549 1248 veniret,
583 1188 847 1253 gallinatius
874 1205 986 1236 vero
1025 1188 1247 1247 denario,
1283 1199 1425 1254 atque
1460 1190 1563 1236 ovis
1592 1188 1779 1239 duabu

347 1266 511 1315 itidem
544 1267 773 1331 dragmis,
815 1282 957 1316 vacca
991 1282 1105 1313 vero
1149 1265 1300 1313 tribus
1339 1266 1490 1313 unciis
1519 1264 1781 1314 venumda-

346 1354 491 1392 retur.
859 1374 898 1450 2

576 1788 642 1823 VI.
659 1807 709 1815 —
724 1787 857 1836 Pyram
872 1787 1103 1823 Brittanniam
1119 1788 1291 1836 impetunt
1307 1800 1348 1824 ae
1363 1788 1556 1824 demum.

415 1885 597 1931 Interea
614 1898 724 1947 rege
741 1882 871 1949 apud
888 1881 1057 1930 urbem
1074 1883 1281 1931 Anitium
1298 1900 1399 1932 rem
1415 1882 1658 1950 publicam
1670 1899 1782 1951 pro-

349 1970 567 2022 curante,
602 1971 778 2028 pyratae
805 1978 832 2009 a
857 1960 1032 2008 finibus
1057 1962 1282 2010 Neustriae
1311 1961 1457 2027 pulsi,
1491 1976 1605 2009 eum
1625 1959 1689 2009 ad
1710 1961 1782 2009 in·

351 2039 524 2087 teriora
563 2039 821 2104 Aquitaniae
852 2039 1139 2087 concessisse
1157 2039 1174 2063 ²
1215 2039 1486 2087 dinoscunt.
1522 2038 1783 2088 Confluunt

351 2118 510 2183 itaque
534 2133 590 2165 ac
612 2117 810 2166 classem
833 2127 1023 2184 parant,
1051 2126 1194 2181 atque
1223 2117 1534 2165 Brittanniam
1549 2115 1782 2183 repentini

353 2196 638 2262 iiwvmpunt.
662 2195 893 2243 Brittanni
909 2195 1158 2262 repentino
1173 2194 1485 2243 barbarorum
1499 2194 1680 2261 impetu
1694 2203 1785 2244 ter-

354 2272 447 2332 riti,
475 2272 773 2321 saevientibus
790 2272 981 2320 cedunt.
1016 2273 1197 2338 Cuique
1228 2273 1375 2320 vitam
1392 2282 1576 2320 tantum
1605 2271 1785 2321 salvare

356 2352 467 2401 satis
493 2351 602 2411 fuit3
630 2366 789 2398 rerum
813 2366 1006 2398 suarum
1033 2351 1328 2417 ereptionem
1351 2366 1495 2399 nemo
1518 2348 1780 2416 quaerebat,

357 2430 418 2478 de
443 2430 539 2478 vita
555 2427 861 2478 solummodo
882 2428 1136 2493 agitabant.
1171 2429 1306 2476 Unde
1329 2438 1376 2476 et
1395 2429 1491 2476 suis
1516 2429 1613 2477 fere
1635 2430 1787 2479 omni-

356 2508 448 2557 bus
471 2503 722 2565 derelictiS,
745 2516 918 2571 pyratae
942 2506 1116 2572 passim
1139 2507 1407 2572 rapiuntur,
1434 2523 1635 2573 quaeque
1654 2522 1786 2555 oom-

360 2586 505 2635 moda
529 2594 790 2652 asportant,
812 2601 867 2632 ac
890 2601 1001 2632 cum
1017 2583 1165 2632 multa
1188 2601 1347 2632 rerum
1365 2585 1540 2650 praeda,
1561 2583 1696 2634 nullo
1716 2601 1787 2634 re-

410 2710 420 2729 ·
447 2709 474 2744 l.
491 2707 664 2743 maritima
679 2706 831 2741 dolesum.

408 2767 422 2786 ²
448 2763 659 2798 aem-el.
