1962 3262
358 276 438 316 232
852 276 1069 317 mcnmu
1101 277 1200 318 ΜΒ.
1234 278 1292 318 11.

356 376 470 408 vero
492 376 693 409 censura
706 377 853 427 penes
866 360 1101 410 domnum
1118 364 1355 411 Marinum
1371 362 1542 414 domni
1555 382 1690 435 pope
1709 370 1780 418 vi-

354 437 535 485 carium
553 438 740 486 mansit.
765 440 822 486 Et
843 438 1199 488 considentibus
1222 442 1405 490 cunctis
1418 454 1561 511 ,post
1574 461 1781 514 prum*

354 531 430 563 sas
445 515 709 564 secundum
723 515 942 565 ordinem
957 517 1229 577 celebrandi
1245 479 1431 568 concilii
1446 538 1626 589 preces,
1650 532 1780 591 ροσε·

353 609 447 658 que
462 594 654 642 recitata
677 593 977 643 decretorum
994 611 1125 644 sacra
1150 597 1375 663 capitula,
1404 600 1688 651 serenioeuni
1704 617 1779 651 ro·

352 688 432 737 ges
472 671 739 720 Ludovicus
762 682 810 721 et
833 676 947 722 Otto
960 709 975 734 ,
1016 674 1065 723 in
1104 690 1286 723 sacram
1326 677 1551 727 sinodum
1582 678 1777 730 adm‘uti

351 760 478 798 sunt.
506 749 690 809 Quibus
723 750 866 798 etiam
902 751 1256 800 considentibus
1273 788 1287 813 ,
1322 753 1531 804 domnus
1555 772 1613 805 ac
1634 744 1779 807 vene-

352 827 528 876 randus
554 828 804 876 Rotbertus
821 829 888 877 sic
911 845 1049 878 orsus
1065 830 1191 896 oepit
1211 848 1222 876 :

381 959 512 996 Lxxl.
525 981 573 989 —
584 961 789 996 Praelocutio
800 961 821 983 ⁶
837 961 1027 997 notberti*
1041 962 1218 997 Treverici
1233 963 1253 985 ⁸
1270 964 1528 1012 mempotiuffi
1549 964 1588 1001 in
1607 964 1748 1001 inodo.

416 1086 439 1111 «
458 1066 607 1115 Multa
620 1102 634 1126 ,
666 1086 691 1110 »ι
731 1067 972 1132 inquiens,
1002 1087 1027 1111 «
1049 1077 1181 1127 sunt,
1200 1077 1358 1134 patres
1373 1067 1620 1117 reverendi
1634 1104 1651 1130 ,
1669 1069 1775 1137 qui·

351 1164 375 1189 «
404 1143 494 1191 bus
510 1144 589 1192 hic
602 1144 732 1210 apud
754 1145 1077 1193 serenissimos
1106 1162 1260 1210 reges,
1287 1145 1336 1192 in
1354 1161 1506 1193 unum
1526 1135 1681 1196 οοιαί
1705 1163 1775 1197 re-

350 1243 374 1267 «
402 1221 636 1281 sidemus3
663 1221 867 1288 plurima
890 1222 1033 1270 etiam
1058 1238 1163 1287 quae
1190 1232 1345 1270 vestra
1377 1221 1613 1289 probitate
1646 1222 1775 1273 ordi·

350 1320 373 1344 α
403 1299 561 1348 nanda
582 1298 830 1347 videntur·
845 1335 855 1345 .
882 1299 1044 1347 Totius
1065 1316 1191 1366 pene
1204 1299 1365 1348 Galliae
1403 1316 1505 1348 rem
1530 1299 1773 1367 'publicem

349 1401 372 1425 «
400 1394 658 1445 pravorum
676 1378 937 1426 temeritate
948 1377 1208 1437 turbatam,
1236 1377 1513 1442 magnisque
1530 1377 1775 1443 subjacere

349 1478 372 1502 «
401 1455 621 1524 periculis
654 1464 854 1502 constat.
896 1453 1034 1502 Unde
1072 1464 1119 1502 et
1153 1454 1278 1519 leges
1311 1454 1483 1502 divinat
1513 1464 1656 1520 atque
1678 1454 1774 1504 hu-

348 1555 371 1579 «
401 1550 553 1581 manae
570 1532 820 1580 indiscrete
843 1548 872 1579 a
889 1531 1121 1579 malivolis
1138 1542 1560 1598 contempnuntur,
1595 1549 1708 1581 cum
1730 1534 1772 1582 is

348 1633 372 1658 «
400 1613 478 1660 cui
495 1627 751 1676 regnorum
769 1610 787 1635 ²
810 1610 918 1674 jura
941 1609 1192 1668 debentur,
1220 1619 1268 1657 et
1281 1607 1548 1675 imperandi
1563 1618 1772 1675 potestas

347 1712 371 1736 «
395 1689 708 1738 transfusione
724 1697 922 1754 paterna
941 1686 1119 1734 credita
1133 1696 1203 1733 est
1214 1721 1228 1743 ,
1247 1702 1444 1733 suorum
1462 1685 1772 1735 insectatione

347 1789 371 1813 «
399 1778 587 1834 captus,
618 1765 947 1830 ergastuloque
976 1764 1244 1811 immaniter
1276 1774 1430 1811 trusus
1452 1764 1539 1823 sit,
1572 1779 1769 1811 suorum

347 1866 370 1891 «
400 1845 557 1893 adhuc
573 1843 736 1908 gladiis
753 1842 996 1889 infestetur
1014 1840 1052 1899 ³,
1091 1843 1348 1888 Remorum
1376 1856 1572 1905 quoque
1596 1849 1771 1889 metro-

347 1946 371 1970 «
400 1923 548 1990 polim
572 1921 750 1985 absque
776 1929 965 1985 pastore
992 1919 1116 1966 fures
1144 1918 1436 1965 atrocissime
1460 1918 1764 1978 insectentur,

348 2023 370 2047 «
400 1999 554 2048 cultus
571 1998 759 2046 divinus
776 1995 990 2055 vilescat,
1034 1994 1198 2060 religio
1221 1995 1452 2043 canonica
1487 2011 1579 2062 pro
1615 1994 1768 2043 nihilo

346 2100 370 2124 «
399 2079 473 2126 sit.
485 2077 567 2124 His
578 2091 708 2140 ergo,
721 2083 894 2140 patreS,
905 2072 1312 2121 vehementissime
1325 2071 1635 2120 insistendum
1645 2071 1768 2121 arbi-

347 2178 369 2202 «
400 2167 516 2214 tror,
538 2153 780 2217 multaque
795 2150 934 2198 nobis
952 2150 1191 2215 diligentia
1224 2149 1527 2209 enitendum,
1553 2149 1637 2215 qui
1661 2166 1767 2214 gra-

346 2255 370 2280 «
398 2234 462 2281 tia
477 2231 626 2279 sancti
650 2229 850 2295 Spiritus
865 2228 945 2275 hic
969 2228 1017 2275 in
1042 2244 1192 2274 unum
1216 2227 1531 2274 confluximus
1554 2227 1590 2286 ⁴,
1618 2227 1769 2292 quati·

346 2334 370 2359 «
398 2328 489 2360 nus
511 2325 587 2358 res
609 2317 719 2356 ante
750 2306 996 2354 dissolutae‘
1013 2306 1080 2352 sic
1117 2305 1166 2351 in
1210 2304 1362 2352 foedus
1379 2297 1615 2363 redeant,
1642 2314 1696 2352 ut
1718 2315 1767 2353 et

345 2411 368 2434 «
397 2388 580 2437 domno
603 2401 658 2434 ac
681 2383 978 2432 serenissimo
996 2382 1093 2446 regi
1111 2382 1257 2430 libera
1280 2381 1508 2447 regnandi
1540 2381 1767 2430 reddatur

388 2494 409 2513 ⁶
433 2493 493 2535 Pr,
512 2490 540 2525 R
553 2516 563 2532 ,
580 2489 630 2532 ri,
652 2488 676 2539 li
692 2487 830 2521 abscisa.

387 2550 398 2570 ⁹
425 2544 666 2595 cognoscimus
679 2544 892 2591 super-scripto
907 2541 1081 2577 videntur.

385 2606 401 2626 ⁸
425 2603 606 2651 galliarum
622 2601 835 2648 superscripto
849 2610 1049 2645 regnorum.

387 2663 401 2682 ὓ
531 2658 539 2666 ”
558 2671 567 2687 1
643 2683 650 2690 .

387 2717 401 2737 ⁴
425 2659 648 2750 35⁰³.ssss
672 2711 818 2752 iutuitu,
848 2711 957 2745 multo
982 2709 1132 2745 caritatis
1159 2710 1285 2744 affectu
1315 2707 1630 2756 [considerandum
1655 2708 1760 2755 σοι-1.]

354 2771 566 2808 usim—ndum
582 2769 732 2804 arbitror
751 2776 787 2801 ut
805 2767 852 2801 sic
870 2779 917 2800 trs
933 2775 999 2801 etc.
1017 2765 1137 2800 deleta.
