<?xml version="1.0" encoding="UTF-8"?>
<!DOCTYPE html PUBLIC "-//W3C//DTD XHTML 1.0 Transitional//EN"
    "http://www.w3.org/TR/xhtml1/DTD/xhtml1-transitional.dtd">
<html xmlns="http://www.w3.org/1999/xhtml" xml:lang="en" lang="en">
 <head>
  <title>
</title>
<meta http-equiv="Content-Type" content="text/html;charset=utf-8" />
  <meta name='ocr-system' content='tesseract 3.04.00' />
  <meta name='ocr-capabilities' content='ocr_page ocr_carea ocr_par ocr_line ocrx_word'/>
</head>
<body>
  <div class='ocr_page' id='page_1' title='image "./richerhistoirede00richuoft_0258.png"; bbox 0 0 1962 3262; ppageno 0'>
   <div class='ocr_carea' id='block_1_1' title="bbox 332 236 1262 282">
    <p class='ocr_par' dir='ltr' id='par_1_1' title="bbox 332 236 1262 282">
     <span class='ocr_line' id='line_1_1' title="bbox 332 236 1262 282; baseline 0.003 -6"><span class='ocrx_word' id='word_1_1' title='bbox 332 238 408 277; x_wconf 82' lang='lat'><strong>138</strong></span> <span class='ocrx_word' id='word_1_2' title='bbox 822 236 1039 280; x_wconf 68' lang='lat' dir='ltr'><strong>menum</strong></span> <span class='ocrx_word' id='word_1_3' title='bbox 1071 239 1171 280; x_wconf 73' lang='lat' dir='ltr'><strong>un.</strong></span> <span class='ocrx_word' id='word_1_4' title='bbox 1206 240 1262 282; x_wconf 89' lang='lat'><strong>11.</strong></span> 
     </span>
    </p>
   </div>
   <div class='ocr_carea' id='block_1_2' title="bbox 318 318 1756 1166">
    <p class='ocr_par' dir='ltr' id='par_1_2' title="bbox 318 318 1756 1166">
     <span class='ocr_line' id='line_1_2' title="bbox 325 318 1754 387; baseline 0.009 -22"><span class='ocrx_word' id='word_1_5' title='bbox 325 318 464 366; x_wconf 83' lang='lat' dir='ltr'><strong>nibus</strong></span> <span class='ocrx_word' id='word_1_6' title='bbox 499 335 612 366; x_wconf 82' lang='lat' dir='ltr'><strong>mox</strong></span> <span class='ocrx_word' id='word_1_7' title='bbox 646 319 838 387; x_wconf 79' lang='lat' dir='ltr'><strong>impleta</strong></span> <span class='ocrx_word' id='word_1_8' title='bbox 860 331 953 382; x_wconf 77' lang='lat' dir='ltr'><strong>est,</strong></span> <span class='ocrx_word' id='word_1_9' title='bbox 980 338 1037 371; x_wconf 82' lang='lat' dir='ltr'><strong>ac</strong></span> <span class='ocrx_word' id='word_1_10' title='bbox 1059 322 1122 371; x_wconf 91' lang='lat' dir='ltr'><strong>ad</strong></span> <span class='ocrx_word' id='word_1_11' title='bbox 1146 339 1303 372; x_wconf 80' lang='lat' dir='ltr'><strong>arcem</strong></span> <span class='ocrx_word' id='word_1_12' title='bbox 1342 325 1457 373; x_wconf 78' lang='lat' dir='ltr'><strong>rotis</strong></span> <span class='ocrx_word' id='word_1_13' title='bbox 1499 326 1754 379; x_wconf 72' lang='lat' dir='ltr'><strong>mobilibus</strong></span> 
     </span>
     <span class='ocr_line' id='line_1_3' title="bbox 324 395 1755 474; baseline 0.008 -31"><span class='ocrx_word' id='word_1_14' title='bbox 324 395 541 462; x_wconf 83' lang='lat' dir='ltr'><strong>impulsa.</strong></span> <span class='ocrx_word' id='word_1_15' title='bbox 570 398 727 456; x_wconf 77' lang='lat' dir='ltr'><strong>Quam</strong></span> <span class='ocrx_word' id='word_1_16' title='bbox 750 413 863 446; x_wconf 90' lang='lat' dir='ltr'><strong>cum</strong></span> <span class='ocrx_word' id='word_1_17' title='bbox 877 415 907 447; x_wconf 88' lang='lat' dir='ltr'><strong>a</strong></span> <span class='ocrx_word' id='word_1_18' title='bbox 930 401 1254 467; x_wconf 84' lang='lat' dir='ltr'><strong>superioribus</strong></span> <span class='ocrx_word' id='word_1_19' title='bbox 1272 401 1432 451; x_wconf 85' lang='lat' dir='ltr'><strong>hostes</strong></span> <span class='ocrx_word' id='word_1_20' title='bbox 1457 403 1755 474; x_wconf 76' lang='lat' dir='ltr'><strong>rupibusop-</strong></span> 
     </span>
     <span class='ocr_line' id='line_1_4' title="bbox 322 475 1751 551; baseline 0.009 -30"><span class='ocrx_word' id='word_1_21' title='bbox 322 475 529 540; x_wconf 85' lang='lat' dir='ltr'><strong>primere</strong></span> <span class='ocrx_word' id='word_1_22' title='bbox 562 484 872 536; x_wconf 82' lang='lat' dir='ltr'><strong>conarentur,</strong></span> <span class='ocrx_word' id='word_1_23' title='bbox 904 494 933 526; x_wconf 84' lang='lat' dir='ltr'><strong>a</strong></span> <span class='ocrx_word' id='word_1_24' title='bbox 962 479 1208 544; x_wconf 81' lang='lat' dir='ltr'><strong>sagittariis</strong></span> <span class='ocrx_word' id='word_1_25' title='bbox 1241 479 1456 547; x_wconf 89' lang='lat' dir='ltr'><strong>undique</strong></span> <span class='ocrx_word' id='word_1_26' title='bbox 1487 482 1751 551; x_wconf 77' lang='lat' dir='ltr'><strong>dispositis,</strong></span> 
     </span>
     <span class='ocr_line' id='line_1_5' title="bbox 319 551 1754 626; baseline 0.01 -27"><span class='ocrx_word' id='word_1_27' title='bbox 319 551 665 601; x_wconf 77' lang='lat' dir='ltr'><strong>contumeliose</strong></span> <span class='ocrx_word' id='word_1_28' title='bbox 692 553 866 620; x_wconf 84' lang='lat' dir='ltr'><strong>repulsi</strong></span> <span class='ocrx_word' id='word_1_29' title='bbox 891 564 1016 604; x_wconf 88' lang='lat' dir='ltr'><strong>sunt.</strong></span> <span class='ocrx_word' id='word_1_30' title='bbox 1062 556 1133 605; x_wconf 71' lang='lat' dir='ltr'><strong>Ad</strong></span> <span class='ocrx_word' id='word_1_31' title='bbox 1163 574 1321 607; x_wconf 85' lang='lat' dir='ltr'><strong>arcem</strong></span> <span class='ocrx_word' id='word_1_32' title='bbox 1351 560 1510 626; x_wconf 87' lang='lat' dir='ltr'><strong>itaque</strong></span> <span class='ocrx_word' id='word_1_33' title='bbox 1535 561 1754 613; x_wconf 80' lang='lat' dir='ltr'><strong>machina</strong></span> 
     </span>
     <span class='ocr_line' id='line_1_6' title="bbox 321 629 1747 703; baseline 0.008 -26"><span class='ocrx_word' id='word_1_34' title='bbox 321 629 548 690; x_wconf 90' lang='lat' dir='ltr'><strong>deducta,</strong></span> <span class='ocrx_word' id='word_1_35' title='bbox 578 647 742 679; x_wconf 87' lang='lat' dir='ltr'><strong>murus</strong></span> <span class='ocrx_word' id='word_1_36' title='bbox 771 648 830 680; x_wconf 81' lang='lat' dir='ltr'><strong>ex</strong></span> <span class='ocrx_word' id='word_1_37' title='bbox 862 643 997 699; x_wconf 88' lang='lat' dir='ltr'><strong>parte</strong></span> <span class='ocrx_word' id='word_1_38' title='bbox 1027 634 1231 685; x_wconf 81' lang='lat' dir='ltr'><strong>suffosus</strong></span> <span class='ocrx_word' id='word_1_39' title='bbox 1262 647 1405 703; x_wconf 89' lang='lat' dir='ltr'><strong>atque</strong></span> <span class='ocrx_word' id='word_1_40' title='bbox 1428 656 1628 688; x_wconf 82' lang='lat' dir='ltr'><strong>eversus</strong></span> <span class='ocrx_word' id='word_1_41' title='bbox 1661 652 1747 691; x_wconf 82' lang='lat' dir='ltr'><strong>est.</strong></span> 
     </span>
     <span class='ocr_line' id='line_1_7' title="bbox 324 708 1756 784; baseline 0.008 -30"><span class='ocrx_word' id='word_1_42' title='bbox 324 711 492 755; x_wconf 79' lang='lat' dir='ltr'><strong>Hostes</strong></span> <span class='ocrx_word' id='word_1_43' title='bbox 510 708 863 757; x_wconf 82' lang='lat' dir='ltr'><strong>multitudinem</strong></span> <span class='ocrx_word' id='word_1_44' title='bbox 885 722 1176 761; x_wconf 84' lang='lat' dir='ltr'><strong>armatorum</strong></span> <span class='ocrx_word' id='word_1_45' title='bbox 1200 730 1287 780; x_wconf 90' lang='lat' dir='ltr'><strong>per</strong></span> <span class='ocrx_word' id='word_1_46' title='bbox 1303 714 1432 763; x_wconf 85' lang='lat' dir='ltr'><strong>bunc</strong></span> <span class='ocrx_word' id='word_1_47' title='bbox 1449 715 1632 765; x_wconf 89' lang='lat' dir='ltr'><strong>hiatum</strong></span> <span class='ocrx_word' id='word_1_48' title='bbox 1649 734 1756 784; x_wconf 76' lang='lat' dir='ltr'><strong>pos-</strong></span> 
     </span>
     <span class='ocr_line' id='line_1_8' title="bbox 321 784 1754 859; baseline 0.009 -28"><span class='ocrx_word' id='word_1_49' title='bbox 321 784 455 833; x_wconf 83' lang='lat' dir='ltr'><strong>sibile</strong></span> <span class='ocrx_word' id='word_1_50' title='bbox 490 786 728 834; x_wconf 80' lang='lat' dir='ltr'><strong>introduci</strong></span> <span class='ocrx_word' id='word_1_51' title='bbox 758 787 1089 849; x_wconf 78' lang='lat' dir='ltr'><strong>formidantes,</strong></span> <span class='ocrx_word' id='word_1_52' title='bbox 1129 806 1260 839; x_wconf 85' lang='lat' dir='ltr'><strong>arma</strong></span> <span class='ocrx_word' id='word_1_53' title='bbox 1292 791 1566 859; x_wconf 86' lang='lat' dir='ltr'><strong>deponunt,</strong></span> <span class='ocrx_word' id='word_1_54' title='bbox 1602 811 1658 843; x_wconf 89' lang='lat' dir='ltr'><strong>ac</strong></span> <span class='ocrx_word' id='word_1_55' title='bbox 1681 813 1754 844; x_wconf 87' lang='lat' dir='ltr'><strong>re·</strong></span> 
     </span>
     <span class='ocr_line' id='line_1_9' title="bbox 319 862 1755 939; baseline 0.008 -30"><span class='ocrx_word' id='word_1_56' title='bbox 319 862 446 927; x_wconf 83' lang='lat' dir='ltr'><strong>giam</strong></span> <span class='ocrx_word' id='word_1_57' title='bbox 469 863 767 912; x_wconf 87' lang='lat' dir='ltr'><strong>clementiam</strong></span> <span class='ocrx_word' id='word_1_58' title='bbox 798 864 1070 932; x_wconf 80' lang='lat' dir='ltr'><strong>implorant.</strong></span> <span class='ocrx_word' id='word_1_59' title='bbox 1102 869 1198 916; x_wconf 81' lang='lat' dir='ltr'><strong>Rex</strong></span> <span class='ocrx_word' id='word_1_60' title='bbox 1224 885 1338 934; x_wconf 83' lang='lat' dir='ltr'><strong>ergo</strong></span> <span class='ocrx_word' id='word_1_61' title='bbox 1359 871 1562 939; x_wconf 87' lang='lat' dir='ltr'><strong>amplius</strong></span> <span class='ocrx_word' id='word_1_62' title='bbox 1585 873 1755 920; x_wconf 89' lang='lat' dir='ltr'><strong>tumul·</strong></span> 
     </span>
     <span class='ocr_line' id='line_1_10' title="bbox 320 940 1755 1017; baseline 0.008 -29"><span class='ocrx_word' id='word_1_63' title='bbox 320 940 442 989; x_wconf 87' lang='lat' dir='ltr'><strong>tuari</strong></span> <span class='ocrx_word' id='word_1_64' title='bbox 466 940 750 1007; x_wconf 88' lang='lat' dir='ltr'><strong>prohibens,</strong></span> <span class='ocrx_word' id='word_1_65' title='bbox 784 942 986 992; x_wconf 81' lang='lat' dir='ltr'><strong>intactos</strong></span> <span class='ocrx_word' id='word_1_66' title='bbox 1014 961 1138 1011; x_wconf 85' lang='lat' dir='ltr'><strong>pene</strong></span> <span class='ocrx_word' id='word_1_67' title='bbox 1170 947 1556 1014; x_wconf 87' lang='lat' dir='ltr'><strong>comprehendit,</strong></span> <span class='ocrx_word' id='word_1_68' title='bbox 1586 961 1755 1017; x_wconf 78' lang='lat' dir='ltr'><strong>praeter</strong></span> 
     </span>
     <span class='ocr_line' id='line_1_11' title="bbox 318 1016 1753 1095; baseline 0.007 -28"><span class='ocrx_word' id='word_1_69' title='bbox 318 1016 414 1067; x_wconf 78' lang='lat' dir='ltr'><strong>bos</strong></span> <span class='ocrx_word' id='word_1_70' title='bbox 429 1019 512 1083; x_wconf 92' lang='lat' dir='ltr'><strong>qui</strong></span> <span class='ocrx_word' id='word_1_71' title='bbox 538 1018 589 1066; x_wconf 91' lang='lat' dir='ltr'><strong>in</strong></span> <span class='ocrx_word' id='word_1_72' title='bbox 613 1018 804 1068; x_wconf 86' lang='lat' dir='ltr'><strong>militari</strong></span> <span class='ocrx_word' id='word_1_73' title='bbox 833 1021 1040 1070; x_wconf 90' lang='lat' dir='ltr'><strong>tumultu</strong></span> <span class='ocrx_word' id='word_1_74' title='bbox 1069 1024 1264 1072; x_wconf 86' lang='lat' dir='ltr'><strong>sauciati</strong></span> <span class='ocrx_word' id='word_1_75' title='bbox 1282 1024 1436 1086; x_wconf 69' lang='lat' dir='ltr'><strong>fluere,</strong></span> <span class='ocrx_word' id='word_1_76' title='bbox 1463 1043 1670 1095; x_wconf 70' lang='lat' dir='ltr'><strong>suosque</strong></span> <span class='ocrx_word' id='word_1_77' title='bbox 1691 1028 1753 1077; x_wconf 88' lang='lat' dir='ltr'><strong>ad</strong></span> 
     </span>
     <span class='ocr_line' id='line_1_12' title="bbox 322 1094 1119 1166; baseline 0.006 -23"><span class='ocrx_word' id='word_1_78' title='bbox 322 1094 454 1144; x_wconf 84' lang='lat' dir='ltr'><strong>urbis</strong></span> <span class='ocrx_word' id='word_1_79' title='bbox 472 1096 668 1145; x_wconf 89' lang='lat' dir='ltr'><strong>tutelam</strong></span> <span class='ocrx_word' id='word_1_80' title='bbox 684 1098 732 1145; x_wconf 90' lang='lat' dir='ltr'><strong>in</strong></span> <span class='ocrx_word' id='word_1_81' title='bbox 757 1114 867 1146; x_wconf 89' lang='lat' dir='ltr'><strong>arce</strong></span> <span class='ocrx_word' id='word_1_82' title='bbox 884 1099 1119 1166; x_wconf 80' lang='lat' dir='ltr'><strong>deposuit.</strong></span> 
     </span>
    </p>
   </div>
   <div class='ocr_carea' id='block_1_3' title="bbox 463 1244 1604 1298">
    <p class='ocr_par' dir='ltr' id='par_1_3' title="bbox 463 1244 1604 1298">
     <span class='ocr_line' id='line_1_13' title="bbox 463 1244 1604 1298; baseline 0.005 -19"><span class='ocrx_word' id='word_1_83' title='bbox 463 1244 529 1279; x_wconf 82' lang='lat' dir='ltr'><strong>XI.</strong></span> <span class='ocrx_word' id='word_1_84' title='bbox 548 1264 597 1272; x_wconf 93' lang='lat'><strong>—-</strong></span> <span class='ocrx_word' id='word_1_85' title='bbox 612 1245 721 1280; x_wconf 74' lang='lat' dir='ltr'><strong>Dolus</strong></span> <span class='ocrx_word' id='word_1_86' title='bbox 738 1246 875 1281; x_wconf 71' lang='lat' dir='ltr'><strong>Arnum</strong></span> <span class='ocrx_word' id='word_1_87' title='bbox 891 1254 996 1294; x_wconf 77' lang='lat' dir='ltr'><strong>atque</strong></span> <span class='ocrx_word' id='word_1_88' title='bbox 1006 1249 1027 1271; x_wconf 67' lang='lat'><em>⁶</em></span> <span class='ocrx_word' id='word_1_89' title='bbox 1043 1247 1169 1295; x_wconf 83' lang='lat' dir='ltr'><strong>oppidi</strong></span> <span class='ocrx_word' id='word_1_90' title='bbox 1185 1248 1459 1285; x_wconf 69' lang='lat' dir='ltr'><strong>monum-ioli·</strong></span> <span class='ocrx_word' id='word_1_91' title='bbox 1473 1250 1604 1298; x_wconf 72' lang='lat' dir='ltr'><strong>captio.</strong></span> 
     </span>
    </p>
   </div>
   <div class='ocr_carea' id='block_1_4' title="bbox 317 1357 1779 2670">
    <p class='ocr_par' dir='ltr' id='par_1_4' title="bbox 317 1357 1779 2670">
     <span class='ocr_line' id='line_1_14' title="bbox 384 1357 1756 1428; baseline 0.007 -24"><span class='ocrx_word' id='word_1_92' title='bbox 384 1359 492 1405; x_wconf 74' lang='lat' dir='ltr'><strong>Haec</strong></span> <span class='ocrx_word' id='word_1_93' title='bbox 521 1357 639 1405; x_wconf 88' lang='lat' dir='ltr'><strong>dum</strong></span> <span class='ocrx_word' id='word_1_94' title='bbox 677 1370 974 1424; x_wconf 84' lang='lat' dir='ltr'><strong>gererentur,</strong></span> <span class='ocrx_word' id='word_1_95' title='bbox 1018 1361 1237 1410; x_wconf 80' lang='lat' dir='ltr'><strong>Amulfus</strong></span> <span class='ocrx_word' id='word_1_96' title='bbox 1266 1362 1518 1428; x_wconf 61' lang='lat' dir='ltr'><strong>praedictus</strong></span> <span class='ocrx_word' id='word_1_97' title='bbox 1550 1364 1756 1413; x_wconf 71' lang='lat' dir='ltr'><strong>Morino-</strong></span> 
     </span>
     <span class='ocr_line' id='line_1_15' title="bbox 322 1436 1779 1504; baseline 0.005 -22"><span class='ocrx_word' id='word_1_98' title='bbox 322 1451 428 1483; x_wconf 88' lang='lat' dir='ltr'><strong>rum</strong></span> <span class='ocrx_word' id='word_1_99' title='bbox 445 1436 691 1504; x_wconf 86' lang='lat' dir='ltr'><strong>princeps,</strong></span> <span class='ocrx_word' id='word_1_100' title='bbox 718 1437 900 1485; x_wconf 88' lang='lat' dir='ltr'><strong>Erluini</strong></span> <span class='ocrx_word' id='word_1_101' title='bbox 916 1438 1151 1504; x_wconf 90' lang='lat' dir='ltr'><strong>oppidum</strong></span> <span class='ocrx_word' id='word_1_102' title='bbox 1167 1456 1304 1487; x_wconf 84' lang='lat' dir='ltr'><strong>secus</strong></span> <span class='ocrx_word' id='word_1_103' title='bbox 1318 1456 1449 1488; x_wconf 87' lang='lat' dir='ltr'><strong>mare</strong></span> <span class='ocrx_word' id='word_1_104' title='bbox 1471 1441 1632 1501; x_wconf 86' lang='lat' dir='ltr'><strong>situm,</strong></span> <span class='ocrx_word' id='word_1_105' title='bbox 1657 1443 1755 1490; x_wconf 66' lang='grc' dir='ltr'><strong>Μο-</strong></span> <span class='ocrx_word' id='word_1_106' title='bbox 1774 1453 1779 1458; x_wconf 83' lang='grc'><em>’</em></span> 
     </span>
     <span class='ocr_line' id='line_1_16' title="bbox 321 1514 1753 1583; baseline 0.006 -24"><span class='ocrx_word' id='word_1_107' title='bbox 321 1514 639 1564; x_wconf 82' lang='lat' dir='ltr'><strong>nasteriolum&#39;</strong></span> <span class='ocrx_word' id='word_1_108' title='bbox 666 1516 887 1575; x_wconf 90' lang='lat' dir='ltr'><strong>nomine,</strong></span> <span class='ocrx_word' id='word_1_109' title='bbox 925 1532 1021 1564; x_wconf 85' lang='lat' dir='ltr'><strong>suae</strong></span> <span class='ocrx_word' id='word_1_110' title='bbox 1058 1517 1180 1583; x_wconf 82' lang='lat' dir='ltr'><strong>parti</strong></span> <span class='ocrx_word' id='word_1_111' title='bbox 1217 1515 1394 1565; x_wconf 78' lang='lat' dir='ltr'><strong>addere</strong></span> <span class='ocrx_word' id='word_1_112' title='bbox 1419 1517 1654 1582; x_wconf 73' lang='lat' dir='ltr'><strong>cogitans,</strong></span> <span class='ocrx_word' id='word_1_113' title='bbox 1691 1527 1753 1568; x_wconf 75' lang='lat' dir='ltr'><strong>eo</strong></span> 
     </span>
     <span class='ocr_line' id='line_1_17' title="bbox 319 1590 1753 1660; baseline 0.003 -22"><span class='ocrx_word' id='word_1_114' title='bbox 319 1590 452 1654; x_wconf 88' lang='lat' dir='ltr'><strong>quod</strong></span> <span class='ocrx_word' id='word_1_115' title='bbox 484 1608 544 1640; x_wconf 81' lang='lat' dir='ltr'><strong>ex</strong></span> <span class='ocrx_word' id='word_1_116' title='bbox 570 1593 766 1641; x_wconf 87' lang='lat' dir='ltr'><strong>navium</strong></span> <span class='ocrx_word' id='word_1_117' title='bbox 799 1593 1210 1642; x_wconf 81' lang='lat' dir='ltr'><strong>advectationibus</strong></span> <span class='ocrx_word' id='word_1_118' title='bbox 1234 1593 1348 1641; x_wconf 90' lang='lat' dir='ltr'><strong>inde</strong></span> <span class='ocrx_word' id='word_1_119' title='bbox 1375 1593 1536 1660; x_wconf 84' lang='lat' dir='ltr'><strong>plures</strong></span> <span class='ocrx_word' id='word_1_120' title='bbox 1558 1602 1753 1660; x_wconf 73' lang='lat' dir='ltr'><strong>questus</strong></span> 
     </span>
     <span class='ocr_line' id='line_1_18' title="bbox 318 1670 1753 1738; baseline 0.003 -22"><span class='ocrx_word' id='word_1_121' title='bbox 318 1670 624 1733; x_wconf 89' lang='lat' dir='ltr'><strong>proveniant,</strong></span> <span class='ocrx_word' id='word_1_122' title='bbox 656 1670 950 1737; x_wconf 85' lang='lat' dir='ltr'><strong>adipiscendi</strong></span> <span class='ocrx_word' id='word_1_123' title='bbox 990 1671 1183 1720; x_wconf 83' lang='lat' dir='ltr'><strong>insidias</strong></span> <span class='ocrx_word' id='word_1_124' title='bbox 1209 1671 1544 1738; x_wconf 82' lang='lat' dir='ltr'><strong>componebat.</strong></span> <span class='ocrx_word' id='word_1_125' title='bbox 1585 1671 1753 1737; x_wconf 60' lang='lat' dir='ltr'><strong>Dirigit</strong></span> 
     </span>
     <span class='ocr_line' id='line_1_19' title="bbox 319 1746 1753 1813; baseline 0.003 -21"><span class='ocrx_word' id='word_1_126' title='bbox 319 1746 477 1812; x_wconf 88' lang='lat' dir='ltr'><strong>itaque</strong></span> <span class='ocrx_word' id='word_1_127' title='bbox 494 1748 732 1812; x_wconf 87' lang='lat' dir='ltr'><strong>quosdam</strong></span> <span class='ocrx_word' id='word_1_128' title='bbox 755 1765 955 1797; x_wconf 86' lang='lat' dir='ltr'><strong>suorum</strong></span> <span class='ocrx_word' id='word_1_129' title='bbox 970 1748 1167 1797; x_wconf 86' lang='lat' dir='ltr'><strong>callidos</strong></span> <span class='ocrx_word' id='word_1_130' title='bbox 1184 1749 1234 1796; x_wconf 90' lang='lat' dir='ltr'><strong>in</strong></span> <span class='ocrx_word' id='word_1_131' title='bbox 1250 1759 1379 1797; x_wconf 83' lang='lat' dir='ltr'><strong>veste</strong></span> <span class='ocrx_word' id='word_1_132' title='bbox 1394 1749 1593 1813; x_wconf 78' lang='lat' dir='ltr'><strong>abJecta,</strong></span> <span class='ocrx_word' id='word_1_133' title='bbox 1613 1747 1753 1797; x_wconf 75' lang='lat' dir='ltr'><strong>dolos</strong></span> 
     </span>
     <span class='ocr_line' id='line_1_20' title="bbox 317 1824 1747 1893; baseline 0.003 -22"><span class='ocrx_word' id='word_1_134' title='bbox 317 1824 642 1885; x_wconf 82' lang='lat' dir='ltr'><strong>dissimulans,</strong></span> <span class='ocrx_word' id='word_1_135' title='bbox 675 1827 737 1875; x_wconf 90' lang='lat' dir='ltr'><strong>ad</strong></span> <span class='ocrx_word' id='word_1_136' title='bbox 770 1826 1012 1893; x_wconf 77' lang='lat' dir='ltr'><strong>quendam</strong></span> <span class='ocrx_word' id='word_1_137' title='bbox 1046 1826 1261 1891; x_wconf 89' lang='lat' dir='ltr'><strong>ejusdem</strong></span> <span class='ocrx_word' id='word_1_138' title='bbox 1286 1826 1452 1893; x_wconf 91' lang='lat' dir='ltr'><strong>oppidi</strong></span> <span class='ocrx_word' id='word_1_139' title='bbox 1476 1826 1747 1886; x_wconf 71' lang='lat' dir='ltr'><strong>custodem,</strong></span> 
     </span>
     <span class='ocr_line' id='line_1_21' title="bbox 318 1901 1746 1972; baseline 0.002 -23"><span class='ocrx_word' id='word_1_140' title='bbox 318 1918 462 1966; x_wconf 91' lang='lat' dir='ltr'><strong>quem</strong></span> <span class='ocrx_word' id='word_1_141' title='bbox 491 1902 634 1951; x_wconf 83' lang='lat' dir='ltr'><strong>etiam</strong></span> <span class='ocrx_word' id='word_1_142' title='bbox 666 1903 716 1951; x_wconf 72' lang='lat' dir='ltr'><strong>in*</strong></span> <span class='ocrx_word' id='word_1_143' title='bbox 749 1902 1023 1970; x_wconf 88' lang='lat' dir='ltr'><strong>proditione</strong></span> <span class='ocrx_word' id='word_1_144' title='bbox 1051 1920 1151 1951; x_wconf 86' lang='lat' dir='ltr'><strong>non</strong></span> <span class='ocrx_word' id='word_1_145' title='bbox 1183 1902 1428 1951; x_wconf 85' lang='lat' dir='ltr'><strong>diffidebat</strong></span> <span class='ocrx_word' id='word_1_146' title='bbox 1456 1901 1746 1972; x_wconf 61' lang='lat' dir='ltr'><strong>facillimum.</strong></span> 
     </span>
     <span class='ocr_line' id='line_1_22' title="bbox 318 1974 1754 2048; baseline 0 -20"><span class='ocrx_word' id='word_1_147' title='bbox 318 1980 414 2038; x_wconf 88' lang='lat' dir='ltr'><strong>Qui</strong></span> <span class='ocrx_word' id='word_1_148' title='bbox 435 1980 656 2046; x_wconf 89' lang='lat' dir='ltr'><strong>ingressi,</strong></span> <span class='ocrx_word' id='word_1_149' title='bbox 685 1997 797 2029; x_wconf 89' lang='lat' dir='ltr'><strong>eum</strong></span> <span class='ocrx_word' id='word_1_150' title='bbox 821 1998 850 2029; x_wconf 90' lang='lat' dir='ltr'><strong>a</strong></span> <span class='ocrx_word' id='word_1_151' title='bbox 874 1980 1075 2029; x_wconf 90' lang='lat' dir='ltr'><strong>domino</strong></span> <span class='ocrx_word' id='word_1_152' title='bbox 1093 1980 1321 2041; x_wconf 89' lang='lat' dir='ltr'><strong>salutant,</strong></span> <span class='ocrx_word' id='word_1_153' title='bbox 1343 1997 1399 2028; x_wconf 91' lang='lat' dir='ltr'><strong>ac</strong></span> <span class='ocrx_word' id='word_1_154' title='bbox 1423 1974 1754 2048; x_wconf 67' lang='lat' dir='ltr'><strong>loquflndi‘op-</strong></span> 
     </span>
     <span class='ocr_line' id='line_1_23' title="bbox 317 2058 1752 2126; baseline 0.001 -20"><span class='ocrx_word' id='word_1_155' title='bbox 317 2059 657 2124; x_wconf 79' lang='lat' dir='ltr'><strong>portunitatem</strong></span> <span class='ocrx_word' id='word_1_156' title='bbox 687 2069 870 2126; x_wconf 89' lang='lat' dir='ltr'><strong>petunt.</strong></span> <span class='ocrx_word' id='word_1_157' title='bbox 909 2058 1148 2107; x_wconf 90' lang='lat' dir='ltr'><strong>Secedunt</strong></span> <span class='ocrx_word' id='word_1_158' title='bbox 1173 2075 1303 2123; x_wconf 83' lang='lat' dir='ltr'><strong>ergo.</strong></span> <span class='ocrx_word' id='word_1_159' title='bbox 1339 2058 1408 2105; x_wconf 86' lang='lat' dir='ltr'><strong>Illi</strong></span> <span class='ocrx_word' id='word_1_160' title='bbox 1438 2067 1627 2106; x_wconf 72' lang='lat' dir='ltr'><strong>tannim</strong></span> <span class='ocrx_word' id='word_1_161' title='bbox 1648 2071 1752 2107; x_wconf 62' lang='grc' dir='ltr'><strong>ωσι</strong></span> 
     </span>
     <span class='ocr_line' id='line_1_24' title="bbox 318 2135 1750 2203; baseline 0 -20"><span class='ocrx_word' id='word_1_162' title='bbox 318 2137 561 2202; x_wconf 88' lang='lat' dir='ltr'><strong>negotium</strong></span> <span class='ocrx_word' id='word_1_163' title='bbox 587 2147 785 2203; x_wconf 89' lang='lat' dir='ltr'><strong>propter</strong></span> <span class='ocrx_word' id='word_1_164' title='bbox 800 2136 933 2202; x_wconf 92' lang='lat' dir='ltr'><strong>quod</strong></span> <span class='ocrx_word' id='word_1_165' title='bbox 959 2146 1188 2184; x_wconf 83' lang='lat' dir='ltr'><strong>venerant</strong></span> <span class='ocrx_word' id='word_1_166' title='bbox 1204 2135 1501 2195; x_wconf 79' lang='lat' dir='ltr'><strong>simulantes,</strong></span> <span class='ocrx_word' id='word_1_167' title='bbox 1523 2145 1577 2183; x_wconf 89' lang='lat' dir='ltr'><strong>ut</strong></span> <span class='ocrx_word' id='word_1_168' title='bbox 1599 2151 1628 2183; x_wconf 88' lang='lat' dir='ltr'><strong>a</strong></span> <span class='ocrx_word' id='word_1_169' title='bbox 1650 2150 1750 2200; x_wconf 83' lang='lat' dir='ltr'><strong>quo</strong></span> 
     </span>
     <span class='ocr_line' id='line_1_25' title="bbox 317 2213 1751 2281; baseline -0.001 -19"><span class='ocrx_word' id='word_1_170' title='bbox 317 2214 525 2262; x_wconf 75' lang='lat' dir='ltr'><strong>exordiri</strong></span> <span class='ocrx_word' id='word_1_171' title='bbox 544 2225 762 2280; x_wconf 85' lang='lat' dir='ltr'><strong>possent,</strong></span> <span class='ocrx_word' id='word_1_172' title='bbox 785 2215 973 2281; x_wconf 88' lang='lat' dir='ltr'><strong>penitus</strong></span> <span class='ocrx_word' id='word_1_173' title='bbox 994 2215 1289 2280; x_wconf 83' lang='lat' dir='ltr'><strong>ignorarent,</strong></span> <span class='ocrx_word' id='word_1_174' title='bbox 1316 2213 1655 2281; x_wconf 81' lang='lat' dir='ltr'><strong>aliquantisper</strong></span> <span class='ocrx_word' id='word_1_175' title='bbox 1667 2213 1751 2261; x_wconf 82' lang='lat' dir='ltr'><strong>he·</strong></span> 
     </span>
     <span class='ocr_line' id='line_1_26' title="bbox 319 2290 1745 2359; baseline 0.001 -20"><span class='ocrx_word' id='word_1_176' title='bbox 319 2290 501 2340; x_wconf 84' lang='lat' dir='ltr'><strong>rebant.</strong></span> <span class='ocrx_word' id='word_1_177' title='bbox 533 2295 590 2339; x_wconf 91' lang='lat' dir='ltr'><strong>Et</strong></span> <span class='ocrx_word' id='word_1_178' title='bbox 614 2292 808 2340; x_wconf 90' lang='lat' dir='ltr'><strong>tandem</strong></span> <span class='ocrx_word' id='word_1_179' title='bbox 833 2292 1120 2359; x_wconf 83' lang='lat' dir='ltr'><strong>suspirantes</strong></span> <span class='ocrx_word' id='word_1_180' title='bbox 1146 2311 1156 2339; x_wconf 90' lang='lat'>:</span> <span class='ocrx_word' id='word_1_181' title='bbox 1200 2313 1223 2336; x_wconf 75' lang='grc' dir='ltr'>α</span> <span class='ocrx_word' id='word_1_182' title='bbox 1242 2292 1326 2340; x_wconf 83' lang='lat' dir='ltr'><strong>Eia</strong></span> <span class='ocrx_word' id='word_1_183' title='bbox 1349 2301 1467 2350; x_wconf 84' lang='lat' dir='ltr'><strong>te»,</strong></span> <span class='ocrx_word' id='word_1_184' title='bbox 1494 2291 1745 2356; x_wconf 83' lang='lat' dir='ltr'><strong>inquiunt,</strong></span> 
     </span>
     <span class='ocr_line' id='line_1_27' title="bbox 322 2368 1751 2419; baseline 0.003 -5"><span class='ocrx_word' id='word_1_185' title='bbox 322 2391 343 2414; x_wconf 75' lang='lat' dir='ltr'><em>u</em></span> <span class='ocrx_word' id='word_1_186' title='bbox 360 2369 604 2418; x_wconf 85' lang='lat' dir='ltr'><strong>Rotberte!</strong></span> <span class='ocrx_word' id='word_1_187' title='bbox 634 2371 706 2418; x_wconf 86' lang='lat' dir='ltr'><strong>eia</strong></span> <span class='ocrx_word' id='word_1_188' title='bbox 725 2381 771 2418; x_wconf 88' lang='lat' dir='ltr'><strong>te</strong></span> <span class='ocrx_word' id='word_1_189' title='bbox 786 2368 1030 2419; x_wconf 79' lang='lat' dir='ltr'><strong>Rotberte!</strong></span> <span class='ocrx_word' id='word_1_190' title='bbox 1054 2389 1079 2415; x_wconf 77' lang='lat' dir='ltr'><strong>n</strong></span> <span class='ocrx_word' id='word_1_191' title='bbox 1097 2397 1164 2407; x_wconf 92' lang='lat'><strong>—</strong></span> <span class='ocrx_word' id='word_1_192' title='bbox 1180 2370 1246 2418; x_wconf 90' lang='lat' dir='ltr'><strong>sic</strong></span> <span class='ocrx_word' id='word_1_193' title='bbox 1262 2370 1390 2418; x_wconf 83' lang='lat' dir='ltr'><strong>enim</strong></span> <span class='ocrx_word' id='word_1_194' title='bbox 1408 2369 1668 2418; x_wconf 80' lang='lat' dir='ltr'><strong>vocabatur</strong></span> <span class='ocrx_word' id='word_1_195' title='bbox 1683 2397 1751 2408; x_wconf 90' lang='lat'><strong>—</strong></span> 
     </span>
     <span class='ocr_line' id='line_1_28' title="bbox 321 2447 1744 2515; baseline 0.002 -23"><span class='ocrx_word' id='word_1_196' title='bbox 321 2470 343 2492; x_wconf 89' lang='lat'>«</span> <span class='ocrx_word' id='word_1_197' title='bbox 362 2450 550 2513; x_wconf 86' lang='lat' dir='ltr'><strong>quantis</strong></span> <span class='ocrx_word' id='word_1_198' title='bbox 566 2447 702 2496; x_wconf 85' lang='lat' dir='ltr'><strong>malis</strong></span> <span class='ocrx_word' id='word_1_199' title='bbox 725 2448 936 2515; x_wconf 86' lang='lat' dir='ltr'><strong>elapsus,</strong></span> <span class='ocrx_word' id='word_1_200' title='bbox 953 2449 1143 2514; x_wconf 85' lang='lat' dir='ltr'><strong>quantis</strong></span> <span class='ocrx_word' id='word_1_201' title='bbox 1167 2447 1387 2515; x_wconf 86' lang='lat' dir='ltr'><strong>periculis</strong></span> <span class='ocrx_word' id='word_1_202' title='bbox 1404 2458 1651 2514; x_wconf 83' lang='lat' dir='ltr'><strong>exemptus</strong></span> <span class='ocrx_word' id='word_1_203' title='bbox 1668 2464 1719 2495; x_wconf 86' lang='lat' dir='ltr'><strong>es</strong></span> <span class='ocrx_word' id='word_1_204' title='bbox 1730 2484 1744 2507; x_wconf 93' lang='lat'><strong>,</strong></span> 
     </span>
     <span class='ocr_line' id='line_1_29' title="bbox 321 2525 1750 2592; baseline -0.001 -19"><span class='ocrx_word' id='word_1_205' title='bbox 321 2537 406 2573; x_wconf 87' lang='lat' dir='ltr'><strong>«et</strong></span> <span class='ocrx_word' id='word_1_206' title='bbox 432 2527 596 2591; x_wconf 87' lang='lat' dir='ltr'><strong>quanti</strong></span> <span class='ocrx_word' id='word_1_207' title='bbox 637 2527 830 2592; x_wconf 86' lang='lat' dir='ltr'><strong>insuper</strong></span> <span class='ocrx_word' id='word_1_208' title='bbox 864 2526 1181 2575; x_wconf 84' lang='lat' dir='ltr'><strong>secundarum</strong></span> <span class='ocrx_word' id='word_1_209' title='bbox 1215 2543 1373 2574; x_wconf 87' lang='lat' dir='ltr'><strong>rerum</strong></span> <span class='ocrx_word' id='word_1_210' title='bbox 1402 2525 1487 2575; x_wconf 90' lang='lat' dir='ltr'><strong>tibi</strong></span> <span class='ocrx_word' id='word_1_211' title='bbox 1513 2525 1750 2574; x_wconf 88' lang='lat' dir='ltr'><strong>debentur</strong></span> 
     </span>
     <span class='ocr_line' id='line_1_30' title="bbox 322 2602 1748 2670; baseline 0.001 -21"><span class='ocrx_word' id='word_1_212' title='bbox 322 2624 342 2644; x_wconf 74' lang='grc' dir='ltr'><em>υ</em></span> <span class='ocrx_word' id='word_1_213' title='bbox 362 2602 624 2651; x_wconf 81' lang='lat' dir='ltr'><strong>successus!</strong></span> <span class='ocrx_word' id='word_1_214' title='bbox 644 2624 666 2646; x_wconf 92' lang='lat'>»</span> <span class='ocrx_word' id='word_1_215' title='bbox 694 2606 752 2651; x_wconf 82' lang='lat' dir='ltr'><strong>Et</strong></span> <span class='ocrx_word' id='word_1_216' title='bbox 776 2605 933 2652; x_wconf 84' lang='lat' dir='ltr'><strong>statim</strong></span> <span class='ocrx_word' id='word_1_217' title='bbox 955 2604 1255 2670; x_wconf 83' lang='lat' dir='ltr'><strong>protulerunt</strong></span> <span class='ocrx_word' id='word_1_218' title='bbox 1280 2604 1402 2652; x_wconf 87' lang='lat' dir='ltr'><strong>duos</strong></span> <span class='ocrx_word' id='word_1_219' title='bbox 1418 2603 1610 2663; x_wconf 83' lang='lat' dir='ltr'><strong>anulos,</strong></span> <span class='ocrx_word' id='word_1_220' title='bbox 1630 2602 1748 2652; x_wconf 74' lang='lat' dir='ltr'><strong>alter</strong></span> 
     </span>
    </p>
   </div>
   <div class='ocr_carea' id='block_1_5' title="bbox 368 2753 719 2794">
    <p class='ocr_par' dir='ltr' id='par_1_5' title="bbox 368 2753 719 2794">
     <span class='ocr_line' id='line_1_31' title="bbox 368 2753 719 2794; baseline 0.006 -10"><span class='ocrx_word' id='word_1_221' title='bbox 368 2756 382 2769; x_wconf 70' lang='lat'><strong><em>⁹</em></strong></span> <span class='ocrx_word' id='word_1_222' title='bbox 411 2766 427 2784; x_wconf 73' lang='lat' dir='ltr'><strong>a</strong></span> <span class='ocrx_word' id='word_1_223' title='bbox 444 2779 451 2789; x_wconf 81' lang='lat'><strong>,</strong></span> <span class='ocrx_word' id='word_1_224' title='bbox 473 2753 527 2794; x_wconf 63' lang='lat' dir='ltr'><strong>W,</strong></span> <span class='ocrx_word' id='word_1_225' title='bbox 549 2755 558 2786; x_wconf 90' lang='lat' dir='ltr'><strong>l</strong></span> <span class='ocrx_word' id='word_1_226' title='bbox 583 2754 719 2786; x_wconf 71' lang='lat' dir='ltr'><strong>alm-isa.</strong></span> 
     </span>
    </p>
   </div>
  </div>
 </body>
</html>
