<?xml version="1.0" encoding="UTF-8"?>
<!DOCTYPE html PUBLIC "-//W3C//DTD XHTML 1.0 Transitional//EN"
    "http://www.w3.org/TR/xhtml1/DTD/xhtml1-transitional.dtd">
<html xmlns="http://www.w3.org/1999/xhtml" xml:lang="en" lang="en">
 <head>
  <title>
</title>
<meta http-equiv="Content-Type" content="text/html;charset=utf-8" />
  <meta name='ocr-system' content='tesseract 3.04.00' />
  <meta name='ocr-capabilities' content='ocr_page ocr_carea ocr_par ocr_line ocrx_word'/>
</head>
<body>
  <div class='ocr_page' id='page_1' title='image "./richerhistoirede00richuoft_0248.png"; bbox 0 0 1962 3262; ppageno 0'>
   <div class='ocr_carea' id='block_1_1' title="bbox 387 293 1316 335">
    <p class='ocr_par' dir='ltr' id='par_1_1' title="bbox 387 293 1316 335">
     <span class='ocr_line' id='line_1_1' title="bbox 387 293 1316 335; baseline -0.002 0"><span class='ocrx_word' id='word_1_1' title='bbox 387 297 464 335; x_wconf 79' lang='lat'>1⁶28</span> <span class='ocrx_word' id='word_1_2' title='bbox 875 293 1094 335; x_wconf 59' lang='lat' dir='ltr'>mentitu</span> <span class='ocrx_word' id='word_1_3' title='bbox 1126 294 1225 335; x_wconf 81' lang='lat' dir='ltr'>Lm.</span> <span class='ocrx_word' id='word_1_4' title='bbox 1261 294 1316 334; x_wconf 88' lang='grc'>11.</span> 
     </span>
    </p>
   </div>
   <div class='ocr_carea' id='block_1_2' title="bbox 382 374 1820 676">
    <p class='ocr_par' dir='ltr' id='par_1_2' title="bbox 382 374 1820 676">
     <span class='ocr_line' id='line_1_2' title="bbox 383 374 1819 441; baseline 0.001 -17"><span class='ocrx_word' id='word_1_5' title='bbox 383 394 438 424; x_wconf 85' lang='lat' dir='ltr'>ac</span> <span class='ocrx_word' id='word_1_6' title='bbox 470 375 643 423; x_wconf 90' lang='lat' dir='ltr'>ducem</span> <span class='ocrx_word' id='word_1_7' title='bbox 673 391 784 423; x_wconf 93' lang='lat' dir='ltr'>cum</span> <span class='ocrx_word' id='word_1_8' title='bbox 817 375 1008 441; x_wconf 86' lang='lat' dir='ltr'>reliquis</span> <span class='ocrx_word' id='word_1_9' title='bbox 1039 374 1400 424; x_wconf 88' lang='lat' dir='ltr'>occurrentibus</span> <span class='ocrx_word' id='word_1_10' title='bbox 1425 374 1688 441; x_wconf 82' lang='lat' dir='ltr'>excipiens,</span> <span class='ocrx_word' id='word_1_11' title='bbox 1709 375 1819 440; x_wconf 83' lang='lat' dir='ltr'>jure</span> 
     </span>
     <span class='ocr_line' id='line_1_3' title="bbox 384 451 1817 520; baseline 0.001 -19"><span class='ocrx_word' id='word_1_12' title='bbox 384 453 664 502; x_wconf 82' lang='lat' dir='ltr'>sacramenti</span> <span class='ocrx_word' id='word_1_13' title='bbox 679 453 767 501; x_wconf 82' lang='lat' dir='ltr'>sibi</span> <span class='ocrx_word' id='word_1_14' title='bbox 785 452 1057 520; x_wconf 78' lang='lat' dir='ltr'>adcopulat.</span> <span class='ocrx_word' id='word_1_15' title='bbox 1089 457 1196 502; x_wconf 88' lang='lat' dir='ltr'>Dux</span> <span class='ocrx_word' id='word_1_16' title='bbox 1211 453 1323 501; x_wconf 90' lang='lat' dir='ltr'>inde</span> <span class='ocrx_word' id='word_1_17' title='bbox 1342 451 1626 514; x_wconf 77' lang='lat' dir='ltr'>accelerans,</span> <span class='ocrx_word' id='word_1_18' title='bbox 1640 467 1817 519; x_wconf 83' lang='lat' dir='ltr'>equum</span> 
     </span>
     <span class='ocr_line' id='line_1_4' title="bbox 384 529 1820 598; baseline -0.001 -18"><span class='ocrx_word' id='word_1_19' title='bbox 384 531 644 598; x_wconf 78' lang='lat' dir='ltr'>insignibus</span> <span class='ocrx_word' id='word_1_20' title='bbox 660 532 797 597; x_wconf 86' lang='lat' dir='ltr'>regiis</span> <span class='ocrx_word' id='word_1_21' title='bbox 820 531 1109 580; x_wconf 87' lang='lat' dir='ltr'>adornatum</span> <span class='ocrx_word' id='word_1_22' title='bbox 1134 529 1344 579; x_wconf 79' lang='lat' dir='ltr'><strong>adducit.</strong></span> <span class='ocrx_word' id='word_1_23' title='bbox 1368 532 1820 588; x_wconf 77' lang='lat' dir='ltr'>Quemcumasoen·</span> 
     </span>
     <span class='ocr_line' id='line_1_5' title="bbox 382 605 1820 676; baseline -0.001 -18"><span class='ocrx_word' id='word_1_24' title='bbox 382 611 454 658; x_wconf 89' lang='lat' dir='ltr'>sui</span> <span class='ocrx_word' id='word_1_25' title='bbox 478 619 641 676; x_wconf 83' lang='lat' dir='ltr'>aptare</span> <span class='ocrx_word' id='word_1_26' title='bbox 655 608 814 668; x_wconf 84' lang='lat' dir='ltr'>vellet,</span> <span class='ocrx_word' id='word_1_27' title='bbox 843 618 891 656; x_wconf 90' lang='lat' dir='ltr'>et</span> <span class='ocrx_word' id='word_1_28' title='bbox 906 607 984 656; x_wconf 85' lang='lat' dir='ltr'>ille</span> <span class='ocrx_word' id='word_1_29' title='bbox 1007 608 1258 675; x_wconf 75' lang='lat' dir='ltr'>impatiens</span> <span class='ocrx_word' id='word_1_30' title='bbox 1282 608 1333 656; x_wconf 90' lang='lat' dir='ltr'>in</span> <span class='ocrx_word' id='word_1_31' title='bbox 1356 606 1543 656; x_wconf 81' lang='lat' dir='ltr'>diversa</span> <span class='ocrx_word' id='word_1_32' title='bbox 1566 622 1671 657; x_wconf 77' lang='lat' dir='ltr'>sese</span> <span class='ocrx_word' id='word_1_33' title='bbox 1686 605 1820 657; x_wconf 74' lang='lat' dir='ltr'>tolle·</span> 
     </span>
    </p>
   </div>
   <div class='ocr_carea' id='block_1_3' title="bbox 377 761 1820 1590">
    <p class='ocr_par' dir='ltr' id='par_1_3' title="bbox 377 761 1820 1590">
     <span class='ocr_line' id='line_1_6' title="bbox 382 761 1819 831; baseline -0.001 -17"><span class='ocrx_word' id='word_1_34' title='bbox 382 765 594 831; x_wconf 87' lang='lat' dir='ltr'>neglecta</span> <span class='ocrx_word' id='word_1_35' title='bbox 625 764 792 830; x_wconf 82' lang='lat' dir='ltr'>stapha</span> <span class='ocrx_word' id='word_1_36' title='bbox 827 763 1102 830; x_wconf 88' lang='lat' dir='ltr'>repentinus</span> <span class='ocrx_word' id='word_1_37' title='bbox 1135 762 1323 812; x_wconf 80' lang='lat' dir='ltr'>insedit.</span> <span class='ocrx_word' id='word_1_38' title='bbox 1365 763 1509 822; x_wconf 92' lang='lat' dir='ltr'>Quod</span> <span class='ocrx_word' id='word_1_39' title='bbox 1548 763 1694 812; x_wconf 83' lang='lat' dir='ltr'>etiam</span> <span class='ocrx_word' id='word_1_40' title='bbox 1733 761 1819 812; x_wconf 78' lang='lat' dir='ltr'>fuit</span> 
     </span>
     <span class='ocr_line' id='line_1_7' title="bbox 380 840 1814 908; baseline 0 -17"><span class='ocrx_word' id='word_1_41' title='bbox 380 842 604 891; x_wconf 87' lang='lat' dir='ltr'>omnibus</span> <span class='ocrx_word' id='word_1_42' title='bbox 634 851 819 907; x_wconf 87' lang='lat' dir='ltr'>gratum</span> <span class='ocrx_word' id='word_1_43' title='bbox 834 877 847 900; x_wconf 88' lang='lat'>‚</span> <span class='ocrx_word' id='word_1_44' title='bbox 878 857 933 889; x_wconf 91' lang='lat' dir='ltr'>ac</span> <span class='ocrx_word' id='word_1_45' title='bbox 962 840 1121 888; x_wconf 69' lang='lat' dir='ltr'>multae</span> <span class='ocrx_word' id='word_1_46' title='bbox 1161 840 1486 906; x_wconf 74' lang='lat' dir='ltr'>gratulationis</span> <span class='ocrx_word' id='word_1_47' title='bbox 1517 841 1814 908; x_wconf 79' lang='lat' dir='ltr'>provocatio.</span> 
     </span>
     <span class='ocr_line' id='line_1_8' title="bbox 381 918 1820 986; baseline 0.001 -19"><span class='ocrx_word' id='word_1_48' title='bbox 381 921 526 984; x_wconf 85' lang='lat' dir='ltr'>Cujus</span> <span class='ocrx_word' id='word_1_49' title='bbox 539 936 671 967; x_wconf 89' lang='lat' dir='ltr'>arma</span> <span class='ocrx_word' id='word_1_50' title='bbox 686 918 783 967; x_wconf 88' lang='lat' dir='ltr'>dux</span> <span class='ocrx_word' id='word_1_51' title='bbox 800 918 1087 985; x_wconf 75' lang='lat' dir='ltr'>suscipienS,</span> <span class='ocrx_word' id='word_1_52' title='bbox 1106 919 1310 984; x_wconf 86' lang='lat' dir='ltr'>armiger</span> <span class='ocrx_word' id='word_1_53' title='bbox 1324 918 1644 986; x_wconf 56' lang='lat' dir='ltr'>praecedebat,</span> <span class='ocrx_word' id='word_1_54' title='bbox 1662 918 1820 968; x_wconf 88' lang='lat' dir='ltr'>donec</span> 
     </span>
     <span class='ocr_line' id='line_1_9' title="bbox 377 995 1820 1062; baseline 0.001 -17"><span class='ocrx_word' id='word_1_55' title='bbox 377 999 535 1061; x_wconf 87' lang='lat' dir='ltr'>jussus</span> <span class='ocrx_word' id='word_1_56' title='bbox 558 999 569 1021; x_wconf 81' lang='lat'>&#39;</span> <span class='ocrx_word' id='word_1_57' title='bbox 603 996 902 1062; x_wconf 89' lang='lat' dir='ltr'>magnatibus</span> <span class='ocrx_word' id='word_1_58' title='bbox 928 995 1189 1045; x_wconf 86' lang='lat' dir='ltr'>Galliarum</span> <span class='ocrx_word' id='word_1_59' title='bbox 1223 996 1439 1046; x_wconf 89' lang='lat' dir='ltr'>contulit.</span> <span class='ocrx_word' id='word_1_60' title='bbox 1481 997 1667 1058; x_wconf 87' lang='lat' dir='ltr'>Quibus</span> <span class='ocrx_word' id='word_1_61' title='bbox 1698 998 1820 1047; x_wconf 86' lang='lat' dir='ltr'>mili·</span> 
     </span>
     <span class='ocr_line' id='line_1_10' title="bbox 382 1074 1817 1140; baseline 0 -17"><span class='ocrx_word' id='word_1_62' title='bbox 382 1076 589 1124; x_wconf 87' lang='lat' dir='ltr'>tantibus</span> <span class='ocrx_word' id='word_1_63' title='bbox 617 1093 729 1123; x_wconf 92' lang='lat' dir='ltr'>cum</span> <span class='ocrx_word' id='word_1_64' title='bbox 754 1074 902 1123; x_wconf 86' lang='lat' dir='ltr'>multa</span> <span class='ocrx_word' id='word_1_65' title='bbox 926 1074 1188 1123; x_wconf 87' lang='lat' dir='ltr'>ambitione</span> <span class='ocrx_word' id='word_1_66' title='bbox 1210 1084 1258 1122; x_wconf 90' lang='lat' dir='ltr'>et</span> <span class='ocrx_word' id='word_1_67' title='bbox 1276 1074 1509 1140; x_wconf 88' lang='lat' dir='ltr'>obsequio</span> <span class='ocrx_word' id='word_1_68' title='bbox 1533 1074 1817 1123; x_wconf 83' lang='lat' dir='ltr'>Laudunum</span> 
     </span>
     <span class='ocr_line' id='line_1_11' title="bbox 382 1151 1818 1218; baseline 0 -16"><span class='ocrx_word' id='word_1_69' title='bbox 382 1154 615 1202; x_wconf 90' lang='lat' dir='ltr'>deductus</span> <span class='ocrx_word' id='word_1_70' title='bbox 648 1163 734 1201; x_wconf 90' lang='lat' dir='ltr'>est.</span> <span class='ocrx_word' id='word_1_71' title='bbox 778 1152 866 1200; x_wconf 91' lang='lat' dir='ltr'>Ubi</span> <span class='ocrx_word' id='word_1_72' title='bbox 896 1153 1039 1200; x_wconf 89' lang='lat' dir='ltr'>etiam</span> <span class='ocrx_word' id='word_1_73' title='bbox 1068 1161 1116 1200; x_wconf 90' lang='lat' dir='ltr'>et</span> <span class='ocrx_word' id='word_1_74' title='bbox 1140 1151 1370 1217; x_wconf 88' lang='lat' dir='ltr'>regnandi</span> <span class='ocrx_word' id='word_1_75' title='bbox 1393 1152 1502 1216; x_wconf 83' lang='lat' dir='ltr'>jura</span> <span class='ocrx_word' id='word_1_76' title='bbox 1528 1151 1818 1218; x_wconf 76' lang='lat' dir='ltr'>quindennis</span> 
     </span>
     <span class='ocr_line' id='line_1_12' title="bbox 381 1229 1818 1298; baseline 0 -19"><span class='ocrx_word' id='word_1_77' title='bbox 381 1232 634 1297; x_wconf 87' lang='lat' dir='ltr'>accipiens,</span> <span class='ocrx_word' id='word_1_78' title='bbox 666 1229 891 1278; x_wconf 90' lang='lat' dir='ltr'>omnibus</span> <span class='ocrx_word' id='word_1_79' title='bbox 918 1229 1184 1277; x_wconf 82' lang='lat' dir='ltr'>faventibus</span> <span class='ocrx_word' id='word_1_80' title='bbox 1209 1246 1295 1296; x_wconf 90' lang='lat' dir='ltr'>per</span> <span class='ocrx_word' id='word_1_81' title='bbox 1317 1229 1556 1278; x_wconf 89' lang='lat' dir='ltr'>domnum</span> <span class='ocrx_word' id='word_1_82' title='bbox 1578 1238 1818 1298; x_wconf 74' lang='lat' dir='ltr'>metropo-</span> 
     </span>
     <span class='ocr_line' id='line_1_13' title="bbox 382 1307 1812 1374; baseline 0 -18"><span class='ocrx_word' id='word_1_83' title='bbox 382 1309 580 1357; x_wconf 87' lang='lat' dir='ltr'>litanum</span> <span class='ocrx_word' id='word_1_84' title='bbox 603 1307 849 1356; x_wconf 81' lang='lat' dir='ltr'>Artoldum</span> <span class='ocrx_word' id='word_1_85' title='bbox 865 1324 976 1355; x_wconf 92' lang='lat' dir='ltr'>cum</span> <span class='ocrx_word' id='word_1_86' title='bbox 1001 1308 1237 1374; x_wconf 87' lang='lat' dir='ltr'>episcopis</span> <span class='ocrx_word' id='word_1_87' title='bbox 1252 1307 1417 1373; x_wconf 89' lang='lat' dir='ltr'>viginti</span> <span class='ocrx_word' id='word_1_88' title='bbox 1436 1323 1517 1356; x_wconf 81' lang='lat' dir='ltr'>rex</span> <span class='ocrx_word' id='word_1_89' title='bbox 1529 1316 1715 1370; x_wconf 74' lang='lat' dir='ltr'>creatus</span> <span class='ocrx_word' id='word_1_90' title='bbox 1725 1318 1812 1358; x_wconf 77' lang='lat' dir='ltr'>est.</span> 
     </span>
     <span class='ocr_line' id='line_1_14' title="bbox 382 1384 1817 1452; baseline 0.003 -20"><span class='ocrx_word' id='word_1_91' title='bbox 382 1385 496 1434; x_wconf 81' lang='lat' dir='ltr'>inde</span> <span class='ocrx_word' id='word_1_92' title='bbox 521 1402 715 1451; x_wconf 90' lang='lat' dir='ltr'>quoque</span> <span class='ocrx_word' id='word_1_93' title='bbox 746 1385 996 1444; x_wconf 89' lang='lat' dir='ltr'>deductus,</span> <span class='ocrx_word' id='word_1_94' title='bbox 1033 1385 1081 1432; x_wconf 90' lang='lat' dir='ltr'>in</span> <span class='ocrx_word' id='word_1_95' title='bbox 1112 1385 1279 1433; x_wconf 84' lang='lat' dir='ltr'>vicinis</span> <span class='ocrx_word' id='word_1_96' title='bbox 1306 1384 1504 1434; x_wconf 83' lang='lat' dir='ltr'>urbibus</span> <span class='ocrx_word' id='word_1_97' title='bbox 1529 1385 1817 1452; x_wconf 62' lang='lat' dir='ltr'>gratulanter</span> 
     </span>
     <span class='ocr_line' id='line_1_15' title="bbox 379 1462 1811 1530; baseline 0.002 -19"><span class='ocrx_word' id='word_1_98' title='bbox 379 1464 624 1530; x_wconf 87' lang='lat' dir='ltr'>excipitur.</span> <span class='ocrx_word' id='word_1_99' title='bbox 673 1463 887 1510; x_wconf 86' lang='lat' dir='ltr'>Universi</span> <span class='ocrx_word' id='word_1_100' title='bbox 926 1463 969 1510; x_wconf 92' lang='lat' dir='ltr'>ei</span> <span class='ocrx_word' id='word_1_101' title='bbox 1000 1462 1326 1530; x_wconf 82' lang='lat' dir='ltr'>applaudunt;</span> <span class='ocrx_word' id='word_1_102' title='bbox 1367 1479 1537 1512; x_wconf 81' lang='lat' dir='ltr'>omnes</span> <span class='ocrx_word' id='word_1_103' title='bbox 1573 1462 1811 1524; x_wconf 72' lang='lat' dir='ltr'>lctanttnr3</span> 
     </span>
     <span class='ocr_line' id='line_1_16' title="bbox 379 1534 1804 1590; baseline -0.004 0"><span class='ocrx_word' id='word_1_104' title='bbox 379 1552 508 1590; x_wconf 87' lang='lat' dir='ltr'>tanta</span> <span class='ocrx_word' id='word_1_105' title='bbox 523 1541 742 1589; x_wconf 90' lang='lat' dir='ltr'>omnium</span> <span class='ocrx_word' id='word_1_106' title='bbox 766 1540 853 1588; x_wconf 88' lang='lat' dir='ltr'>fuit</span> <span class='ocrx_word' id='word_1_107' title='bbox 867 1549 916 1588; x_wconf 89' lang='lat' dir='ltr'>et</span> <span class='ocrx_word' id='word_1_108' title='bbox 940 1538 1109 1588; x_wconf 91' lang='lat' dir='ltr'>eadem</span> <span class='ocrx_word' id='word_1_109' title='bbox 1125 1556 1277 1587; x_wconf 87' lang='lat' dir='ltr'>mens.</span> <span class='ocrx_word' id='word_1_110' title='bbox 1800 1534 1804 1538; x_wconf 71' lang='grc'><strong>’</strong></span> 
     </span>
    </p>
   </div>
   <div class='ocr_carea' id='block_1_4' title="bbox 363 1678 1815 2602">
    <p class='ocr_par' dir='ltr' id='par_1_4' title="bbox 413 1678 1778 1783">
     <span class='ocr_line' id='line_1_17' title="bbox 413 1678 1778 1728; baseline -0.001 -12"><span class='ocrx_word' id='word_1_111' title='bbox 413 1682 638 1716; x_wconf 75' lang='lat' dir='ltr'>v.-Rex·</span> <span class='ocrx_word' id='word_1_112' title='bbox 660 1693 742 1715; x_wconf 89' lang='lat' dir='ltr'>cum</span> <span class='ocrx_word' id='word_1_113' title='bbox 759 1679 851 1715; x_wconf 88' lang='lat' dir='ltr'>duce</span> <span class='ocrx_word' id='word_1_114' title='bbox 867 1678 1288 1727; x_wconf 73' lang='lat' dir='ltr'>Burgundiam&#39;petit’,</span> <span class='ocrx_word' id='word_1_115' title='bbox 1309 1678 1495 1715; x_wconf 66' lang='lat' dir='ltr'>:curbe-</span> <span class='ocrx_word' id='word_1_116' title='bbox 1518 1678 1749 1728; x_wconf 59' lang='lat' dir='ltr'>Imm-</span> <span class='ocrx_word' id='word_1_117' title='bbox 1658 1679 1668 1688; x_wconf 93' lang='grc'><strong>“</strong></span> <span class='ocrx_word' id='word_1_118' title='bbox 1755 1682 1778 1703; x_wconf 73' lang='lat'>⁸</span> 
     </span>
     <span class='ocr_line' id='line_1_18' title="bbox 820 1735 1327 1783; baseline -0.004 -12"><span class='ocrx_word' id='word_1_119' title='bbox 820 1736 913 1771; x_wconf 86' lang='lat' dir='ltr'>bello</span> <span class='ocrx_word' id='word_1_120' title='bbox 937 1736 1061 1783; x_wconf 85' lang='lat' dir='ltr'>repetit</span> <span class='ocrx_word' id='word_1_121' title='bbox 1074 1737 1093 1758; x_wconf 68' lang='lat'><em>⁶</em></span> <span class='ocrx_word' id='word_1_122' title='bbox 1123 1735 1284 1783; x_wconf 77' lang='lat' dir='ltr'>capitque</span> <span class='ocrx_word' id='word_1_123' title='bbox 1293 1735 1327 1769; x_wconf 55' lang='grc' dir='ltr'>ὓ.</span> 
     </span>
    </p>

    <p class='ocr_par' dir='ltr' id='par_1_5' title="bbox 363 1834 1815 2602">
     <span class='ocr_line' id='line_1_19' title="bbox 440 1834 1810 1903; baseline -0.001 -17"><span class='ocrx_word' id='word_1_124' title='bbox 440 1843 534 1886; x_wconf 87' lang='lat' dir='ltr'>Nec</span> <span class='ocrx_word' id='word_1_125' title='bbox 550 1839 707 1886; x_wconf 90' lang='lat' dir='ltr'>minus</span> <span class='ocrx_word' id='word_1_126' title='bbox 731 1848 779 1886; x_wconf 90' lang='lat' dir='ltr'>et</span> <span class='ocrx_word' id='word_1_127' title='bbox 804 1837 1124 1903; x_wconf 85' lang='lat' dir='ltr'>Burgundiam</span> <span class='ocrx_word' id='word_1_128' title='bbox 1139 1846 1319 1903; x_wconf 81' lang='lat' dir='ltr'>petere,</span> <span class='ocrx_word' id='word_1_129' title='bbox 1339 1852 1396 1883; x_wconf 91' lang='lat' dir='ltr'>ac</span> <span class='ocrx_word' id='word_1_130' title='bbox 1421 1834 1563 1884; x_wconf 82' lang='lat' dir='ltr'>urbes</span> <span class='ocrx_word' id='word_1_131' title='bbox 1578 1834 1810 1903; x_wconf 73' lang='lat' dir='ltr'>sedesque</span> 
     </span>
     <span class='ocr_line' id='line_1_20' title="bbox 376 1913 1809 1981; baseline -0.001 -17"><span class='ocrx_word' id='word_1_132' title='bbox 376 1918 524 1981; x_wconf 69' lang='lat' dir='ltr'>:egias</span> <span class='ocrx_word' id='word_1_133' title='bbox 547 1916 746 1964; x_wconf 86' lang='lat' dir='ltr'>lustrare</span> <span class='ocrx_word' id='word_1_134' title='bbox 776 1932 803 1963; x_wconf 88' lang='lat' dir='ltr'>a</span> <span class='ocrx_word' id='word_1_135' title='bbox 827 1915 950 1963; x_wconf 89' lang='lat' dir='ltr'>duce</span> <span class='ocrx_word' id='word_1_136' title='bbox 978 1924 1216 1962; x_wconf 89' lang='lat' dir='ltr'>monetur.</span> <span class='ocrx_word' id='word_1_137' title='bbox 1248 1916 1342 1962; x_wconf 84' lang='lat' dir='ltr'>Rex</span> <span class='ocrx_word' id='word_1_138' title='bbox 1373 1913 1584 1962; x_wconf 81' lang='lat' dir='ltr'>hortanti</span> <span class='ocrx_word' id='word_1_139' title='bbox 1608 1929 1809 1963; x_wconf 79' lang='lat' dir='ltr'>comen·</span> 
     </span>
     <span class='ocr_line' id='line_1_21' title="bbox 374 1989 1805 2058; baseline -0.001 -17"><span class='ocrx_word' id='word_1_140' title='bbox 374 1995 511 2051; x_wconf 85' lang='lat' dir='ltr'>tiens,</span> <span class='ocrx_word' id='word_1_141' title='bbox 534 1992 853 2058; x_wconf 87' lang='lat' dir='ltr'>Burgundiam</span> <span class='ocrx_word' id='word_1_142' title='bbox 873 1992 996 2047; x_wconf 85' lang='lat' dir='ltr'>duce</span> <span class='ocrx_word' id='word_1_143' title='bbox 1007 1992 1266 2040; x_wconf 88' lang='lat' dir='ltr'>comitante</span> <span class='ocrx_word' id='word_1_144' title='bbox 1284 1990 1562 2056; x_wconf 83' lang='lat' dir='ltr'>ingreditur.</span> <span class='ocrx_word' id='word_1_145' title='bbox 1581 1989 1805 2057; x_wconf 74' lang='lat' dir='ltr'>Adquem</span> 
     </span>
     <span class='ocr_line' id='line_1_22' title="bbox 374 2066 1806 2137; baseline 0 -19"><span class='ocrx_word' id='word_1_146' title='bbox 374 2071 563 2118; x_wconf 90' lang='lat' dir='ltr'>urbium</span> <span class='ocrx_word' id='word_1_147' title='bbox 589 2071 824 2137; x_wconf 84' lang='lat' dir='ltr'>principes</span> <span class='ocrx_word' id='word_1_148' title='bbox 842 2069 1108 2135; x_wconf 88' lang='lat' dir='ltr'>benigniter</span> <span class='ocrx_word' id='word_1_149' title='bbox 1125 2070 1438 2129; x_wconf 87' lang='lat' dir='ltr'>confluentes,</span> <span class='ocrx_word' id='word_1_150' title='bbox 1467 2066 1716 2135; x_wconf 80' lang='lat' dir='ltr'>magnifice</span> <span class='ocrx_word' id='word_1_151' title='bbox 1730 2086 1806 2118; x_wconf 82' lang='lat' dir='ltr'>ex-</span> 
     </span>
     <span class='ocr_line' id='line_1_23' title="bbox 370 2144 1798 2215; baseline 0 -19"><span class='ocrx_word' id='word_1_152' title='bbox 370 2159 627 2215; x_wconf 86' lang='lat' dir='ltr'>ceperunt,</span> <span class='ocrx_word' id='word_1_153' title='bbox 661 2165 717 2196; x_wconf 89' lang='lat' dir='ltr'>ac</span> <span class='ocrx_word' id='word_1_154' title='bbox 744 2149 894 2213; x_wconf 85' lang='lat' dir='ltr'>rogati</span> <span class='ocrx_word' id='word_1_155' title='bbox 925 2147 1069 2195; x_wconf 76' lang='lat' dir='ltr'>iidem</span> <span class='ocrx_word' id='word_1_156' title='bbox 1098 2148 1205 2211; x_wconf 88' lang='lat' dir='ltr'>jure</span> <span class='ocrx_word' id='word_1_157' title='bbox 1232 2146 1511 2195; x_wconf 85' lang='lat' dir='ltr'>sacramenti</span> <span class='ocrx_word' id='word_1_158' title='bbox 1546 2144 1798 2197; x_wconf 82' lang='lat' dir='ltr'>dederunt.</span> 
     </span>
     <span class='ocr_line' id='line_1_24' title="bbox 369 2224 1801 2292; baseline 0.001 -18"><span class='ocrx_word' id='word_1_159' title='bbox 369 2230 504 2292; x_wconf 85' lang='lat' dir='ltr'>Hugo</span> <span class='ocrx_word' id='word_1_160' title='bbox 536 2237 719 2274; x_wconf 88' lang='lat' dir='ltr'>tantum</span> <span class='ocrx_word' id='word_1_161' title='bbox 759 2225 946 2274; x_wconf 78' lang='lat' dir='ltr'>Rodum</span> <span class='ocrx_word' id='word_1_162' title='bbox 979 2226 1099 2290; x_wconf 86' lang='lat' dir='ltr'>regis</span> <span class='ocrx_word' id='word_1_163' title='bbox 1130 2225 1272 2273; x_wconf 84' lang='lat' dir='ltr'>frater</span> <span class='ocrx_word' id='word_1_164' title='bbox 1304 2225 1608 2290; x_wconf 82' lang='lat' dir='ltr'>Lingonicam</span> <span class='ocrx_word' id='word_1_165' title='bbox 1634 2224 1801 2275; x_wconf 80' lang='lat' dir='ltr'>urbem</span> 
     </span>
     <span class='ocr_line' id='line_1_25' title="bbox 367 2302 1815 2372; baseline -0.001 -20"><span class='ocrx_word' id='word_1_166' title='bbox 367 2304 632 2372; x_wconf 87' lang='lat' dir='ltr'>possidens,</span> <span class='ocrx_word' id='word_1_167' title='bbox 663 2304 758 2368; x_wconf 86' lang='lat' dir='ltr'>regi</span> <span class='ocrx_word' id='word_1_168' title='bbox 784 2320 1037 2351; x_wconf 89' lang='lat' dir='ltr'>occurrere</span> <span class='ocrx_word' id='word_1_169' title='bbox 1062 2302 1260 2361; x_wconf 86' lang='lat' dir='ltr'>distulit,</span> <span class='ocrx_word' id='word_1_170' title='bbox 1281 2303 1363 2367; x_wconf 88' lang='lat' dir='ltr'>qui</span> <span class='ocrx_word' id='word_1_171' title='bbox 1388 2313 1699 2351; x_wconf 84' lang='lat' dir='ltr'>occurrerunt</span> <span class='ocrx_word' id='word_1_172' title='bbox 1717 2303 1815 2352; x_wconf 58' lang='lat' dir='ltr'>adm</span> 
     </span>
     <span class='ocr_line' id='line_1_26' title="bbox 367 2379 1798 2447; baseline -0.001 -17"><span class='ocrx_word' id='word_1_173' title='bbox 367 2383 566 2431; x_wconf 91' lang='lat' dir='ltr'>modum</span> <span class='ocrx_word' id='word_1_174' title='bbox 598 2383 757 2430; x_wconf 88' lang='lat' dir='ltr'>iratus.</span> <span class='ocrx_word' id='word_1_175' title='bbox 796 2384 888 2430; x_wconf 82' lang='lat' dir='ltr'>Rex</span> <span class='ocrx_word' id='word_1_176' title='bbox 920 2381 1037 2429; x_wconf 92' lang='lat' dir='ltr'>dum</span> <span class='ocrx_word' id='word_1_177' title='bbox 1075 2398 1159 2447; x_wconf 89' lang='lat' dir='ltr'>per</span> <span class='ocrx_word' id='word_1_178' title='bbox 1189 2380 1370 2446; x_wconf 90' lang='lat' dir='ltr'>aliquot</span> <span class='ocrx_word' id='word_1_179' title='bbox 1399 2379 1692 2428; x_wconf 85' lang='lat' dir='ltr'>ebdomadas</span> <span class='ocrx_word' id='word_1_180' title='bbox 1714 2398 1798 2429; x_wconf 88' lang='lat' dir='ltr'>sua</span> 
     </span>
     <span class='ocr_line' id='line_1_27' title="bbox 365 2458 1798 2524; baseline 0 -16"><span class='ocrx_word' id='word_1_181' title='bbox 365 2462 598 2519; x_wconf 74' lang='lat' dir='ltr'>iustranet,</span> <span class='ocrx_word' id='word_1_182' title='bbox 632 2460 807 2508; x_wconf 90' lang='lat' dir='ltr'>inimici</span> <span class='ocrx_word' id='word_1_183' title='bbox 835 2458 1060 2506; x_wconf 89' lang='lat' dir='ltr'>invidiam</span> <span class='ocrx_word' id='word_1_184' title='bbox 1089 2458 1305 2506; x_wconf 84' lang='lat' dir='ltr'>advertit.</span> <span class='ocrx_word' id='word_1_185' title='bbox 1336 2461 1616 2523; x_wconf 85' lang='lat' dir='ltr'>Proponens</span> <span class='ocrx_word' id='word_1_186' title='bbox 1639 2458 1798 2524; x_wconf 84' lang='lat' dir='ltr'>itaque</span> 
     </span>
     <span class='ocr_line' id='line_1_28' title="bbox 363 2535 1797 2602; baseline -0.001 -16"><span class='ocrx_word' id='word_1_187' title='bbox 363 2549 471 2586; x_wconf 88' lang='lat' dir='ltr'>ante</span> <span class='ocrx_word' id='word_1_188' title='bbox 502 2538 760 2586; x_wconf 84' lang='lat' dir='ltr'>discessum</span> <span class='ocrx_word' id='word_1_189' title='bbox 796 2537 971 2584; x_wconf 82' lang='lat' dir='ltr'>nuliam</span> <span class='ocrx_word' id='word_1_190' title='bbox 1000 2537 1236 2602; x_wconf 57' lang='lat' dir='ltr'>praeterire</span> <span class='ocrx_word' id='word_1_191' title='bbox 1270 2535 1460 2593; x_wconf 84' lang='lat' dir='ltr'>urbem,</span> <span class='ocrx_word' id='word_1_192' title='bbox 1498 2536 1674 2599; x_wconf 82' lang='lat' dir='ltr'>legatos</span> <span class='ocrx_word' id='word_1_193' title='bbox 1701 2540 1797 2585; x_wconf 81' lang='lat' dir='ltr'>Hu-</span> 
     </span>
    </p>
   </div>
   <div class='ocr_carea' id='block_1_5' title="bbox 361 2688 1790 2847">
    <p class='ocr_par' dir='ltr' id='par_1_6' title="bbox 361 2688 1790 2847">
     <span class='ocr_line' id='line_1_29' title="bbox 412 2688 1156 2751; baseline -0.006 -27.811"><span class='ocrx_word' id='word_1_194' title='bbox 412 2689 494 2751; x_wconf 65' lang='lat' dir='ltr'>&#39;lie</span> <span class='ocrx_word' id='word_1_195' title='bbox 506 2689 585 2731; x_wconf 85' lang='lat' dir='ltr'>‚B,</span> <span class='ocrx_word' id='word_1_196' title='bbox 598 2701 661 2736; x_wconf 85' lang='lat' dir='ltr'>pe,</span> <span class='ocrx_word' id='word_1_197' title='bbox 684 2688 743 2731; x_wconf 77' lang='lat' dir='ltr'>Li,</span> <span class='ocrx_word' id='word_1_198' title='bbox 763 2697 878 2734; x_wconf 82' lang='lat' dir='ltr'>repet,</span> <span class='ocrx_word' id='word_1_199' title='bbox 901 2700 939 2721; x_wconf 80' lang='lat' dir='ltr'>ca</span> <span class='ocrx_word' id='word_1_200' title='bbox 961 2701 1000 2720; x_wconf 81' lang='lat' dir='ltr'>es</span> <span class='ocrx_word' id='word_1_201' title='bbox 1021 2689 1156 2733; x_wconf 67' lang='lat' dir='ltr'>consecr.</span> 
     </span>
     <span class='ocr_line' id='line_1_30' title="bbox 462 2715 1790 2789; baseline 0 -10"><span class='ocrx_word' id='word_1_202' title='bbox 462 2715 514 2779; x_wconf 77' lang='lat' dir='ltr'>‚il</span> <span class='ocrx_word' id='word_1_203' title='bbox 515 2745 667 2780; x_wconf 80' lang='lat' dir='ltr'>eriberto</span> <span class='ocrx_word' id='word_1_204' title='bbox 687 2744 806 2779; x_wconf 80' lang='lat' dir='ltr'>comiit</span> <span class='ocrx_word' id='word_1_205' title='bbox 827 2743 1007 2778; x_wconf 80' lang='lat' dir='ltr'>dediticii</span> <span class='ocrx_word' id='word_1_206' title='bbox 987 2755 1165 2789; x_wconf 89' lang='lat' dir='ltr'>equoque</span> <span class='ocrx_word' id='word_1_207' title='bbox 1193 2752 1225 2777; x_wconf 84' lang='lat' dir='ltr'>ta</span> <span class='ocrx_word' id='word_1_208' title='bbox 1229 2742 1326 2777; x_wconf 83' lang='lat' dir='ltr'>mdiu</span> <span class='ocrx_word' id='word_1_209' title='bbox 1315 2742 1493 2788; x_wconf 65' lang='lat' dir='ltr'>narmi-erg</span> <span class='ocrx_word' id='word_1_210' title='bbox 1520 2743 1583 2778; x_wconf 84' lang='lat' dir='ltr'>vi.t</span> <span class='ocrx_word' id='word_1_211' title='bbox 1617 2743 1730 2779; x_wconf 82' lang='lat' dir='ltr'>donec</span> <span class='ocrx_word' id='word_1_212' title='bbox 1757 2753 1790 2778; x_wconf 84' lang='lat' dir='ltr'>et</span> 
     </span>
     <span class='ocr_line' id='line_1_31' title="bbox 361 2747 1586 2847; baseline -0.001 -13"><span class='ocrx_word' id='word_1_213' title='bbox 361 2747 562 2847; x_wconf 44' lang='lat' dir='ltr'>ipsehjussus</span> <span class='ocrx_word' id='word_1_214' title='bbox 625 2802 723 2836; x_wconf 77' lang='lat' dir='ltr'>nulfo</span> <span class='ocrx_word' id='word_1_215' title='bbox 744 2800 1131 2835; x_wconf 57' lang='grc' dir='ltr'>ωηιίιὶτοιΙάε-ὴῐείὸ</span> <span class='ocrx_word' id='word_1_216' title='bbox 1113 2810 1437 2845; x_wconf 61' lang='grc' dir='ltr'>ιἰιιιτιιιεᾳοᾳοπις</span> <span class='ocrx_word' id='word_1_217' title='bbox 1418 2798 1531 2832; x_wconf 73' lang='lat' dir='ltr'>atitbis</span> <span class='ocrx_word' id='word_1_218' title='bbox 1556 2802 1586 2833; x_wconf 95' lang='grc'>1.</span> 
     </span>
    </p>
   </div>
  </div>
 </body>
</html>
