1962 3262
346 251 422 291 130
835 244 1053 285 mmmm
1084 245 1182 285 Lm.
1217 246 1270 285 ll.

342 328 453 394 goni
486 326 659 390 dirigit,
687 326 769 390 qui
797 341 825 372 a
849 324 1098 390 pertinatia
1124 341 1235 373 eum
1269 335 1509 386 revocent,
1541 342 1597 373 ac
1630 327 1677 374 ei
1704 326 1766 375 de

343 406 437 455 fide
464 404 553 453 sibi
581 401 813 452 servanda
842 402 1172 467 persuadeant.
1201 402 1295 460 Qui
1326 402 1455 468 apud
1487 419 1599 451 eum
1630 419 1769 470 pero-

343 494 524 543 rantes,
565 480 684 530 nihil
723 479 878 545 pacis,
921 479 1038 527 nibil
1082 480 1195 545 regii
1234 479 1432 526 honoris
1463 490 1763 547 acceperunt.

345 561 482 609 Unde
509 569 557 608 et
584 558 801 624 digressi,
834 556 994 604 audita
1030 557 1126 621 regi
1163 556 1386 605 referunt.
1427 559 1565 622 Hugo
1600 566 1773 624 preter

336 640 415 703 jus
442 655 494 686 se
517 637 665 702 egisse
693 635 969 694 dinoscens,
1007 633 1114 682 urbi
1149 635 1310 701 copias
1344 633 1555 701 deputat.
1591 637 1696 702 lpse
1718 635 1768 684 in

342 726 498 783 partes
514 715 645 780 regni
667 714 921 761 exteriores
947 729 1095 777 usque
1112 711 1173 760 ad
1193 721 1380 778 tempus
1402 712 1643 762 secedens.
1672 714 1769 762 Rex

342 810 456 842 vero
485 791 714 859 pertinaci
747 789 1023 854 indignans,
1063 790 1320 838 exercitum
1356 789 1461 838 urbi
1492 789 1720 857 applicat,
1740 808 1771 841 a

342 880 475 937 parte
493 886 587 935 qua
611 867 862 935 planiciem
887 866 1089 933 praefert,
1110 884 1320 934 pugnam
1345 868 1515 916 acriter
1531 869 1766 934 ingerens.

344 948 496 996 Altera
515 947 644 995 enim
661 955 812 1012 parte,
834 945 978 993 latere
1005 945 1183 997 montis
1203 944 1377 992 educto
1391 979 1407 1005 ‚
1425 962 1550 1012 pene
1567 947 1774 995 inacces-

343 1025 488 1074 sibilis
511 1035 597 1072 est.
627 1027 680 1071 ln
708 1032 841 1089 parte
867 1039 980 1087 ergo
999 1039 1104 1087 quae
1130 1021 1369 1070 obsidioni
1394 1022 1550 1089 aptior
1565 1034 1658 1084 est,
1686 1026 1775 1073 mi-

344 1102 447 1150 lites
465 1101 571 1149 urbi
589 1118 671 1149 rex
683 1117 795 1148 cum
810 1099 933 1147 duce
948 1099 1157 1147 adhibet.
1186 1099 1371 1158 Quibus
1389 1100 1776 1167 impugnantibus

343 1180 504 1252 bostes
528 1177 941 1226 vehementissime
964 1177 1210 1236 resistunt,
1238 1177 1435 1242 telisque
1459 1195 1516 1226 ac
1538 1179 1776 1247 lapidibus

345 1246 502 1306 aerem
520 1257 747 1315 densant,
769 1265 911 1320 atque
934 1255 1215 1322 impetentes
1238 1265 1460 1303 atterunt.
1489 1258 1596 1305 Non
1613 1265 1774 1322 tamen

345 1353 495 1401 usque
513 1334 574 1383 ad
593 1334 811 1382 effectum
832 1332 1111 1399 repulsionis
1129 1342 1338 1399 perstare
1353 1342 1627 1399 potuerunt.
1655 1336 1777 1384 Nam

347 1413 460 1478 regii
502 1411 738 1477 equitatus
780 1410 1125 1458 infestationem
1168 1427 1267 1458 non
1311 1410 1537 1473 ferenteS,
1579 1427 1609 1461 a
1640 1423 1777 1479 parte

345 1499 580 1556 praerupta
603 1525 615 1548 ‚
659 1505 764 1553 quae
805 1487 1055 1535 obsidione
1105 1504 1204 1536 non
1249 1487 1554 1554 premebatur
1571 1525 1585 1549 ,
1634 1501 1778 1540 nocte

346 1567 517 1632 egressi
546 1566 843 1630 aufugerunt.
877 1566 1013 1613 Cives
1038 1582 1152 1612 vero
1177 1565 1260 1630 qui
1297 1576 1650 1626 remanserunt,
1677 1569 1775 1634 regi

348 1661 460 1692 mox
485 1654 648 1709 portas
673 1659 925 1709 aperuere,
958 1659 1067 1690 eum
1086 1659 1196 1689 cum
1225 1643 1321 1690 suis
1349 1642 1527 1709 absque
1549 1644 1777 1711 reli-agra·

348 1723 476 1768 tione
502 1722 549 1768 in
568 1720 686 1767 urbe
713 1719 1045 1784 gratulabundi
1072 1720 1370 1785 excipientes.
1409 1723 1515 1779 Qua
1544 1738 1626 1770 rex
1653 1724 1778 1789 poti-

349 1809 446 1858 tus,
474 1798 536 1846 ab
553 1798 654 1862 ejus
677 1798 903 1863 episcopo
921 1797 1116 1862 aliisque
1137 1798 1270 1862 regni
1293 1798 1571 1864 proceribus
1587 1799 1780 1849 obsides

350 1876 552 1942 accepit,
571 1885 713 1943 atque
729 1876 795 1923 sic
819 1892 931 1922 cum
955 1875 1077 1922 duce
1102 1875 1333 1924 Parisium
1348 1876 1437 1923 iter
1453 1878 1656 1925 retorsit.

565 2024 630 2058 vl.
643 2043 691 2051 —
708 2024 781 2059 Rex
803 2022 902 2058 ducis
913 2024 933 2046 '
959 2024 1242 2071 procurationem
1254 2025 1273 2045 ⁸
1295 2036 1315 2059 a
1335 2036 1371 2059 se
1392 2025 1522 2060 amovit
1532 2025 1567 2060 θ.

419 2122 513 2168 Rex
547 2120 750 2169 felicium
789 2137 949 2169 rerum
984 2138 1201 2168 successu
1232 2121 1404 2182 elatus,
1440 2131 1609 2188 praeter
1645 2122 1782 2172 ducis

353 2198 737 2263 procurationem
756 2215 830 2246 res
848 2215 956 2246 suas
972 2198 1183 2246 ordinari
1206 2216 1346 2266 posse
1362 2199 1612 2265 cogitabat.
1643 2202 1782 2250 Unde

354 2285 402 2324 et
430 2277 496 2326 rei
514 2275 727 2324 militaris
749 2276 1204 2324 administrationem
1231 2278 1411 2343 absque
1428 2294 1486 2326 eo
1499 2278 1599 2342 jam
1623 2278 1785 2346 dispo—

355 2352 511 2401 nebat.
540 2353 824 2401 Laudunum
854 2355 1012 2419 itaque
1030 2354 1206 2413 tendit,
1240 2355 1397 2421 ibique
1424 2366 1623 2404 matrem
1646 2374 1782 2406 suam

355 2431 602 2496 Etbgivam
643 2432 853 2496 reginam
896 2432 957 2479 ad
999 2432 1128 2480 urbis
1162 2433 1425 2481 custodiam
1460 2433 1671 2501 deputat.
1718 2438 1784 2483 Ac

356 2508 525 2556 exinde
552 2525 863 2575 quaecumque
887 2520 1056 2575 praeter
1088 2510 1260 2559 ducem
1284 2511 1601 2561 adoriebatur.
1638 2513 1782 2572 Quod

356 2587 496 2634 etiam
513 2586 599 2634 fuit
623 2603 722 2634 non
742 2587 976 2635 minimae⁸
998 2587 1116 2635 labis
1135 2589 1453 2637 seminarium.
1486 2594 1590 2638 Dux
1609 2591 1783 2640 etenim

452 2711 920 2758 =.‚ra,miemntsjec.t

410 2766 606 2811 'isiiwtm
598 2766 755 2799 ηενΙΗῐ
