1962 3262
923 178 943 204 Q

321 258 396 295 152
820 258 1039 299 lucussm
1073 258 1167 300 [AB.
1202 259 1254 298 ll.

315 337 441 394 mesi,
482 336 558 383 alii
586 338 710 404 capti
727 373 740 397 ‚
768 338 984 387 nonnulli
1015 356 1128 387 vero
1154 339 1371 405 profugio
1398 340 1547 406 erepti
1564 340 1576 363 ⁰
1612 350 1738 390 sunt.

315 413 582 462 Ludovicus
626 432 707 464 rex
754 415 1069 465 Gislebertum
1111 417 1369 465 extinctum
1416 416 1714 483 comperiens
1729 453 1742 474 ,

315 491 513 541 multam
542 493 591 540 in
622 494 724 558 ejus
749 509 862 543 casu
886 495 1348 543 commiserationem
1379 493 1559 542 habuit.
1594 497 1745 561 Atque

315 571 361 617 in
383 569 615 636 Belgicam
638 572 895 638 profectus,
929 572 1029 637 ejus
1050 588 1247 621 uxorem
1271 571 1584 637 Gerbergam‚
1611 573 1744 621 Otto-

317 648 389 696 nis
403 664 635 708 sororem,
656 650 879 714 conjugio
897 650 1048 708 duxit,
1066 666 1267 716 eamque
1281 666 1442 698 secum
1467 651 1679 716 reginam
1692 650 1742 699 in

314 743 512 791 regnum
529 728 791 776 coronavit.

313 857 695 894 xx.-wuelmu··
719 857 793 893 dux
814 859 1037 905 pir-unm·
1065 858 1138 905 regi
1166 855 1740 905 wawa’omnoefidemjnru‘.

374 963 502 1008 Dum
528 961 628 1009 haec
650 959 867 1009 Lauduni
893 969 1185 1025 gererentur,
1212 958 1460 1008 wilelmus
1481 959 1741 1026 piratarum

309 1038 425 1098 dux,
447 1039 626 1104 legatos
654 1038 753 1104 regi
777 1037 950 1104 dirigit,
977 1037 1060 1103 qui
1091 1053 1192 1086 sese
1215 1037 1327 1085 satis
1350 1037 1395 1084 ei
1418 1035 1608 1086 fidelem
1624 1035 1743 1084 indi-

308 1126 449 1164 cent:
495 1132 594 1181 quo
626 1132 710 1163 rex
744 1114 933 1180 jubeat,
978 1130 1080 1163 sese
1126 1131 1453 1174 occursurum,
1502 1112 1743 1179 fidemque

308 1203 476 1241 contra
505 1209 676 1240 omnes
706 1192 1044 1259 polliciturum.
1090 1194 1309 1251 Quorum
1344 1192 1627 1258 legationem
1659 1207 1742 1240 nex

310 1269 458 1318 multa
485 1269 805 1319 benivolentia
828 1270 1082 1336 excipiens),
1104 1270 1152 1317 in
1177 1287 1353 1337 pagum
1378 1269 1742 1318 Ambianemem

309 1347 398 1395 sibi
428 1347 780 1396 occurrendum
810 1348 1071 1407 constituit,
1115 1364 1175 1396 eo
1211 1348 1344 1414 quod
1384 1347 1451 1396 ibi
1480 1345 1743 1414 specialiter

310 1425 438 1473 utilia
457 1426 676 1491 quaedam
698 1443 786 1492 per
802 1425 908 1474 illos
926 1425 1287 1475 determinanda
1307 1425 1326 1450 ²
1354 1425 1525 1474 forent.
1560 1424 1742 1490 Legatis

310 1506 466 1569 itaque
490 1503 724 1565 abductis,
747 1520 830 1553 rex
845 1503 906 1552 ad
929 1503 1090 1552 locum
1112 1502 1389 1551 condictum
1412 1511 1629 1568 tempore
1651 1509 1743 1549 ata-

309 1591 411 1629 tuto
437 1581 644 1629 devenit.
685 1582 772 1629 Cui
797 1582 940 1629 etiam
975 1581 1073 1629 dux
1101 1579 1351 1646 praedictus
1385 1578 1556 1628 obvius
1586 1578 1734 1636 venit,

308 1668 626 1725 exceptusque
659 1675 687 1706 a
720 1675 828 1723 rege
869 1658 1094 1705 decenter
1109 1693 1121 1717 ,
1172 1657 1467 1723 provinciam
1502 1671 1648 1722 quam
1695 1657 1740 1704 ei

306 1746 440 1801 pater
481 1736 681 1784 Kar-olus
716 1753 798 1784 rex
836 1734 1117 1793 contulerat,
1166 1734 1228 1782 ab
1262 1751 1322 1782 eo
1363 1735 1504 1782 etiam
1537 1733 1734 1800 aooepit.

311 1813 447 1862 Unde
477 1824 524 1862 et
547 1814 667 1878 regis
703 1813 867 1870 factus,
901 1821 1034 1860 tanto
1064 1812 1107 1859 ei
1136 1827 1372 1860 consensu
1411 1811 1626 1877 alligatus
1648 1820 1736 1870 est,

309 1901 360 1939 ut
377 1892 476 1955 jam
496 1891 691 1955 jamque
721 1899 803 1938 aut
831 1906 931 1937 sese
967 1890 1270 1948 moriturum,
1311 1899 1391 1937 aut
1427 1890 1525 1955 regi
1555 1889 1741 1956 imperii

308 1985 543 2018 summam
567 1969 890 2017 restituturum
906 1977 1210 2033 proponeret.

332 2113 432 2148 ΧΧΙ.
450 2133 498 2140 -
515 2112 680 2148 Artoldm
708 2112 988 2159 archiepiscopus
1005 2111 1207 2175 Canwstem
1230 2111 1462 2145 munitionem
1483 2117 1660 2158 expugnat
1680 2117 1716 2144 et

970 2175 1075 2214 capnt.

370 2276 614 2339 Hujusque
649 2275 715 2322 rei
751 2274 943 2339 negotio
977 2273 1151 2320 utiliter
1186 2282 1395 2339 peracto,
1435 2287 1518 2319 rex
1549 2272 1599 2319 in
1625 2274 1736 2319 Bur*

306 2352 532 2418 gundiam
556 2352 759 2400 secessit.
790 2354 843 2399 In
867 2351 1002 2416 cujus
1025 2350 1236 2400 absentia
1262 2349 1482 2398 Artoldus
1499 2358 1739 2416 metropo-

306 2433 494 2491 litanus,
516 2447 578 2478 ne
598 2446 694 2478 auae
717 2430 784 2477 rei
810 2439 1055 2496 putaretur
1079 2429 1257 2495 inopia,
1289 2427 1469 2492 absque
1499 2427 1637 2491 regiis
1661 2443 1739 2474 oo-

308 2511 396 2575 piis
415 2512 692 2557 Causostem
710 2508 1025 2555 munitionem
1049 2506 1244 2572 appetit,
1271 2506 1410 2570 eique
1434 2503 1735 2554 obsidionem

357 2659 373 2677 ·
401 2669 495 2699 mm,
514 2666 567 2698 ta,
593 2666 689 2699 ntra,
706 2657 798 2702 jurat
814 2670 853 2690 es
869 2658 1003 2701 conjece.

395 2713 545 2759 exempti
566 2715 598 2747 l.

355 2770 369 2789 ¹
395 2769 667 2803 ‹letor-minanda·-
685 2782 758 2802 corr
