1962 3262
337 226 387 266 ⁴8
841 223 1058 265 mcussm
1091 224 1189 265 Lm.
1224 226 1257 264 1.

335 314 385 351 ut
411 305 651 370 resipiscat
667 315 934 363 ammonet,
962 315 1072 372 post
1095 322 1209 353 vero
1235 305 1534 355 anathemate
1548 305 1759 357 danunt.

333 383 427 441 Qui
455 398 567 430 cum
597 381 686 430 sibi
709 398 800 431 nec
822 382 1075 431 damnatus
1107 383 1415 444 satisfaceret,
1444 385 1492 432 in
1516 400 1628 433 eum
1651 399 1764 434 cum

333 459 493 508 multis
516 459 720 509 militum
741 460 892 527 copiis
909 459 1080 521 fertur,
1107 461 1435 528 oppidumque
1462 462 1610 510 multa
1638 461 1763 511 obti—

331 538 477 587 dione
510 554 597 605 per
633 548 839 606 quatuor
874 537 1167 587 ebdomadas
1207 537 1513 587 vehementer
1546 538 1758 605 adurget.

331 615 607 666 Erlebaldus
617 617 897 664 continuam
905 633 1006 665 non
1022 615 1174 666 serens
1189 617 1615 684 impugnationem,
1638 617 1763 667 elam

329 694 392 744 ab
407 694 589 761 oppido
610 710 721 742 cum
740 693 923 758 aliquot
937 710 1133 742 suorum
1160 693 1398 743 dilabitur.
1435 696 1528 754 Qui
1555 712 1670 744 vero
1697 713 1765 745 re»

330 782 603 822 manserant
632 772 768 831 victi,
794 771 947 838 portis
969 788 1083 820 mox
1106 771 1368 838 patefactis,
1396 773 1762 840 metropolitano

328 850 520 899 cedunt.
557 850 729 915 Eisque
754 848 940 913 ejectis,
973 864 1086 896 suos
1115 848 1182 896 ibi
1204 848 1440 915 deposuit,
1482 868 1540 899 ac
1561 851 1623 899 de
1660 861 1761 899 toto

327 946 451 995 pago
477 927 779 977 Erlebaldum
809 927 1064 993 profugum
1087 925 1379 975 disturbavit.

353 1169 753 1207 ›tm-Adaeum·
775 1170 1333 1217 mampetitio·,acoomitin·
1356 1170 1564 1208 Rrkbnldi·
1585 1172 1729 1210 ceddo.

394 1268 514 1317 Rex‘
546 1268 598 1316 in
628 1283 805 1333 pagum
829 1268 1238 1326 warmacensem,
1271 1268 1515 1317 locuturus
1538 1270 1760 1319 {hinrico

323 1345 692 1396 Transrhenensi
705 1381 718 1404 ,
763 1355 1074 1393 concesserat.
1114 1348 1217 1393 Huc
1253 1362 1447 1411 quoque
1479 1346 1760 1398 Eur-lebaldus

324 1442 485 1474 comes
502 1422 711 1483 advenit,
731 1422 860 1490 apud
878 1439 1037 1487 regem
1053 1421 1386 1489 deploraturus
1403 1440 1430 1471 a
1457 1426 1758 1476 Remensium

326 1501 693 1570 metropolinato
711 1517 813 1548 sese
826 1500 1097 1548 immaniter
1111 1500 1343 1549 habitum.
1365 1502 1612 1551 Heinricus
1627 1505 1756 1571 apud

325 1597 483 1648 regem
507 1579 596 1627 de'
633 1594 795 1626 rerum
828 1577 1242 1643 dispositionibus,
1285 1571 1556 1628 fidelissime
1583 1589 1758 1647 satage·

322 1662 420 1709 bat.
449 1658 537 1706 Cui
560 1657 629 1705 rei
651 1672 764 1704 cum
777 1654 794 1680 ⁸
816 1654 1081 1703 admodum
1099 1655 1384 1716 intenderet,
1405 1659 1755 1716 Germanorum

320 1737 663 1800 Gallorumque
682 1734 881 1798 juvenes
895 1732 1193 1799 linguarum⁸
1213 1733 1467 1782 idiomate⁸
1488 1734 1674 1797 offensi,
1702 1746 1755 1785 ut

321 1831 490 1866 eorum
506 1830 612 1861 mos
635 1821 722 1871 est,
747 1827 859 1858 cum
885 1810 1034 1858 multa
1056 1811 1355 1860 animositate
1368 1811 1631 1863 maledictis
1652 1830 1754 1863 sese

319 1891 564 1943 lacessire⁸
602 1898 872 1955 coeperunt;
900 1889 1201 1954 consertique
1224 1888 1407 1954 gladios
1437 1899 1660 1951 exenmt,
1695 1905 1752 1939 ao

317 1989 368 2020 se
391 1969 575 2028 adorsi,
603 1965 822 2015 loetaliter
844 1966 1072 2014 sauciant.
1103 1969 1155 2013 ln
1181 1983 1279 2031 quo
1304 1966 1527 2028 tumultu,
1552 1982 1664 2015 cum
1686 1968 1749 2016 ad

316 2050 447 2099 litem
470 2044 732 2096 sedandam
751 2042 1028 2091 Erlebaldus
1045 2060 1207 2091 comes
1231 2043 1492 2103 accederet,
1513 2059 1543 2092 a
1559 2041 1749 2092 fiii-emi—

313 2128 403 2176 bus
427 2126 610 2174 occisus
633 2132 718 2171 est.
758 2124 854 2170 Rex
877 2120 1202 2188 proditionem
1226 2132 1377 2181 ratus,
1417 2121 1549 2169 ocius
1572 2122 1741 2187 surgit,

311 2207 503 2271 suisque
542 2203 763 2268 stipatur.
802 2198 1049 2247 Heinricus
1091 2198 1232 2247 vero⁸
1278 2198 1444 2247 dolum
1482 2198 1740 2260 arbitrans,

309 2284 508 2333 classem
548 2278 739 2346 repetit,
781 2286 923 2341 atque
954 2293 980 2324 a
1012 2277 1149 2341 regiis
1188 2276 1490 2343 stipatoribus
1527 2277 1743 2326 Rhenum

356 2416 376 2435 ⁰
402 2411 527 2455 fin,
541 2423 587 2458 p,
605 2408 650 2444 ὼ
664 2408 694 2443 Ε
708 2406 848 2441 abecias.

355 2471 365 2490 ι
404 2469 519 2516 Cflpp.
535 2476 666 2502 ιι-ιη.
687 2462 882 2496 rathen-ius
898 2462 946 2495 ad
962 2475 995 2496 a.
1014 2465 1085 2499 895
1100 2465 1280 2512 exscripsit.

349 2526 364 2547 ι
389 2524 434 2560 de
448 2521 607 2559 nicici·
622 2519 712 2554 inter
726 2530 761 2552 se
777 2517 938 2552 habenda
961 2518 1152 2565 plurimum
1167 2532 1195 2554 s.
1213 2518 1331 2552 deleta.

350 2582 364 2601 ⁸
388 2593 422 2616 c.
439 2588 584 2625 uterque
599 2575 751 2610 daleeum.

351 2636 366 2656 ⁴
390 2635 482 2682 ling,
498 2645 556 2669 m
571 2631 710 2666 abacia.

350 2694 365 2712 ⁸
391 2693 557 2738 impetere
572 2701 656 2724 corr.
674 2688 842 2724 laea-ite.

349 2751 365 2771 ⁸
390 2764 423 2783 v.
445 2761 559 2784 renim
576 2748 710 2783 nescius
726 2746 845 2781 deleta.
