<?xml version="1.0" encoding="UTF-8"?>
<!DOCTYPE html PUBLIC "-//W3C//DTD XHTML 1.0 Transitional//EN"
    "http://www.w3.org/TR/xhtml1/DTD/xhtml1-transitional.dtd">
<html xmlns="http://www.w3.org/1999/xhtml" xml:lang="en" lang="en">
 <head>
  <title>
</title>
<meta http-equiv="Content-Type" content="text/html;charset=utf-8" />
  <meta name='ocr-system' content='tesseract 3.04.00' />
  <meta name='ocr-capabilities' content='ocr_page ocr_carea ocr_par ocr_line ocrx_word'/>
</head>
<body>
  <div class='ocr_page' id='page_1' title='image "./richerhistoirede00richuoft_0356.png"; bbox 0 0 1962 3262; ppageno 0'>
   <div class='ocr_carea' id='block_1_1' title="bbox 352 270 1788 2526">
    <p class='ocr_par' dir='ltr' id='par_1_1' title="bbox 352 270 1788 2526">
     <span class='ocr_line' id='line_1_1' title="bbox 352 270 1280 312; baseline 0.002 -2"><span class='ocrx_word' id='word_1_1' title='bbox 352 272 432 312; x_wconf 77' lang='lat'><strong>236</strong></span> <span class='ocrx_word' id='word_1_2' title='bbox 840 270 1057 311; x_wconf 65' lang='lat' dir='ltr'><strong>menam</strong></span> <span class='ocrx_word' id='word_1_3' title='bbox 1089 271 1189 312; x_wconf 79' lang='lat' dir='ltr'><strong>LlB.</strong></span> <span class='ocrx_word' id='word_1_4' title='bbox 1225 272 1280 312; x_wconf 87' lang='lat' dir='ltr'><strong>ll.</strong></span> 
     </span>
     <span class='ocr_line' id='line_1_2' title="bbox 354 350 1782 422; baseline 0.007 -27"><span class='ocrx_word' id='word_1_5' title='bbox 354 372 377 395; x_wconf 90' lang='lat'>«</span> <span class='ocrx_word' id='word_1_6' title='bbox 407 350 602 400; x_wconf 79' lang='lat' dir='ltr'>deberet</span> <span class='ocrx_word' id='word_1_7' title='bbox 614 386 627 410; x_wconf 91' lang='lat'><strong>,</strong></span> <span class='ocrx_word' id='word_1_8' title='bbox 647 366 793 416; x_wconf 83' lang='lat' dir='ltr'><strong>regno</strong></span> <span class='ocrx_word' id='word_1_9' title='bbox 811 350 946 399; x_wconf 89' lang='lat' dir='ltr'><strong>illum</strong></span> <span class='ocrx_word' id='word_1_10' title='bbox 963 352 1232 401; x_wconf 86' lang='lat' dir='ltr'><strong>immaniter</strong></span> <span class='ocrx_word' id='word_1_11' title='bbox 1245 353 1464 419; x_wconf 86' lang='lat' dir='ltr'><strong>privavit,</strong></span> <span class='ocrx_word' id='word_1_12' title='bbox 1491 363 1540 402; x_wconf 90' lang='lat' dir='ltr'><strong>et</strong></span> <span class='ocrx_word' id='word_1_13' title='bbox 1556 357 1782 422; x_wconf 73' lang='lat' dir='ltr'><strong>usquead</strong></span> 
     </span>
     <span class='ocr_line' id='line_1_3' title="bbox 355 429 1785 498; baseline 0.003 -23"><span class='ocrx_word' id='word_1_14' title='bbox 355 450 378 473; x_wconf 89' lang='lat'><strong><em>«</em></strong></span> <span class='ocrx_word' id='word_1_15' title='bbox 408 429 515 477; x_wconf 85' lang='lat' dir='ltr'><strong>vitae</strong></span> <span class='ocrx_word' id='word_1_16' title='bbox 533 429 635 494; x_wconf 86' lang='lat' dir='ltr'><strong>ejus</strong></span> <span class='ocrx_word' id='word_1_17' title='bbox 658 430 908 495; x_wconf 72' lang='lat' dir='ltr'><strong>suprema·</strong></span> <span class='ocrx_word' id='word_1_18' title='bbox 948 429 1184 494; x_wconf 87' lang='lat' dir='ltr'><strong>ergastulo</strong></span> <span class='ocrx_word' id='word_1_19' title='bbox 1206 430 1217 454; x_wconf 79' lang='lat'>¹</span> <span class='ocrx_word' id='word_1_20' title='bbox 1265 429 1498 478; x_wconf 85' lang='lat' dir='ltr'><strong>inclusum</strong></span> <span class='ocrx_word' id='word_1_21' title='bbox 1522 447 1625 480; x_wconf 75' lang='lat' dir='ltr'><strong>esse</strong></span> <span class='ocrx_word' id='word_1_22' title='bbox 1649 449 1785 498; x_wconf 75' lang='lat' dir='ltr'><strong>roga·</strong></span> 
     </span>
     <span class='ocr_line' id='line_1_4' title="bbox 355 507 1785 577; baseline 0.003 -24"><span class='ocrx_word' id='word_1_23' title='bbox 355 528 378 551; x_wconf 92' lang='lat'><em>«</em></span> <span class='ocrx_word' id='word_1_24' title='bbox 409 508 476 555; x_wconf 87' lang='lat' dir='ltr'><strong>vit</strong></span> <span class='ocrx_word' id='word_1_25' title='bbox 496 507 532 554; x_wconf 76' lang='lat'><strong>⁶.</strong></span> <span class='ocrx_word' id='word_1_26' title='bbox 554 509 629 555; x_wconf 79' lang='lat' dir='ltr'><strong>Me</strong></span> <span class='ocrx_word' id='word_1_27' title='bbox 644 523 758 556; x_wconf 88' lang='lat' dir='ltr'><strong>vero</strong></span> <span class='ocrx_word' id='word_1_28' title='bbox 777 523 976 574; x_wconf 88' lang='lat' dir='ltr'><strong>parvum</strong></span> <span class='ocrx_word' id='word_1_29' title='bbox 993 545 1006 568; x_wconf 91' lang='lat'><strong>,</strong></span> <span class='ocrx_word' id='word_1_30' title='bbox 1034 508 1083 556; x_wconf 92' lang='lat' dir='ltr'><strong>in</strong></span> <span class='ocrx_word' id='word_1_31' title='bbox 1111 507 1332 556; x_wconf 78' lang='lat' dir='ltr'><strong>fasciculo</strong></span> <span class='ocrx_word' id='word_1_32' title='bbox 1366 508 1650 577; x_wconf 77' lang='lat' dir='ltr'><strong>famginisa</strong></span> <span class='ocrx_word' id='word_1_33' title='bbox 1666 511 1785 559; x_wconf 80' lang='lat' dir='ltr'><strong>meis</strong></span> 
     </span>
     <span class='ocr_line' id='line_1_5' title="bbox 355 584 1783 654; baseline 0.006 -26"><span class='ocrx_word' id='word_1_34' title='bbox 355 584 770 645; x_wconf 86' lang='lat' dir='ltr'><strong>«dissimulatum,</strong></span> <span class='ocrx_word' id='word_1_35' title='bbox 806 585 855 632; x_wconf 91' lang='lat' dir='ltr'><strong>in</strong></span> <span class='ocrx_word' id='word_1_36' title='bbox 898 595 1054 651; x_wconf 85' lang='lat' dir='ltr'><strong>partes</strong></span> <span class='ocrx_word' id='word_1_37' title='bbox 1085 586 1420 633; x_wconf 85' lang='lat' dir='ltr'><strong>transmarinas</strong></span> <span class='ocrx_word' id='word_1_38' title='bbox 1452 594 1500 634; x_wconf 92' lang='lat' dir='ltr'><strong>et</strong></span> <span class='ocrx_word' id='word_1_39' title='bbox 1537 602 1688 654; x_wconf 89' lang='lat' dir='ltr'><strong>prope</strong></span> <span class='ocrx_word' id='word_1_40' title='bbox 1733 588 1783 636; x_wconf 93' lang='lat' dir='ltr'><strong>in</strong></span> 
     </span>
     <span class='ocr_line' id='line_1_6' title="bbox 356 662 1784 729; baseline 0.004 -22"><span class='ocrx_word' id='word_1_41' title='bbox 356 684 379 708; x_wconf 83' lang='lat'><em>«</em></span> <span class='ocrx_word' id='word_1_42' title='bbox 407 663 562 712; x_wconf 82' lang='lat' dir='ltr'><strong>Riseos</strong></span> <span class='ocrx_word' id='word_1_43' title='bbox 573 663 733 728; x_wconf 82' lang='lat' dir='ltr'><strong>fugere</strong></span> <span class='ocrx_word' id='word_1_44' title='bbox 753 662 998 729; x_wconf 85' lang='lat' dir='ltr'>compulit.</span> <span class='ocrx_word' id='word_1_45' title='bbox 1023 665 1158 711; x_wconf 80' lang='lat' dir='ltr'><strong>Pati-e</strong></span> <span class='ocrx_word' id='word_1_46' title='bbox 1172 672 1331 711; x_wconf 78' lang='lat' dir='ltr'><strong>autem</strong></span> <span class='ocrx_word' id='word_1_47' title='bbox 1349 663 1555 711; x_wconf 86' lang='lat' dir='ltr'><strong>extincto</strong></span> <span class='ocrx_word' id='word_1_48' title='bbox 1572 663 1585 689; x_wconf 75' lang='lat'><strong><em>⁴</em></strong></span> <span class='ocrx_word' id='word_1_49' title='bbox 1604 662 1628 687; x_wconf 75' lang='lat'><strong>⁴¹</strong></span> <span class='ocrx_word' id='word_1_50' title='bbox 1643 673 1692 713; x_wconf 82' lang='lat' dir='ltr'><strong>et</strong></span> <span class='ocrx_word' id='word_1_51' title='bbox 1705 680 1784 713; x_wconf 83' lang='lat' dir='ltr'><strong>me</strong></span> 
     </span>
     <span class='ocr_line' id='line_1_7' title="bbox 356 740 1784 806; baseline 0.003 -20"><span class='ocrx_word' id='word_1_52' title='bbox 356 761 379 785; x_wconf 75' lang='grc' dir='ltr'><em>α</em></span> <span class='ocrx_word' id='word_1_53' title='bbox 410 740 458 788; x_wconf 88' lang='lat' dir='ltr'><strong>in</strong></span> <span class='ocrx_word' id='word_1_54' title='bbox 491 740 684 789; x_wconf 83' lang='lat' dir='ltr'><strong>exilium</strong></span> <span class='ocrx_word' id='word_1_55' title='bbox 717 740 968 806; x_wconf 83' lang='lat' dir='ltr'><strong>deportato</strong></span> <span class='ocrx_word' id='word_1_56' title='bbox 981 776 995 800; x_wconf 92' lang='lat'>‚</span> <span class='ocrx_word' id='word_1_57' title='bbox 1034 741 1121 789; x_wconf 86' lang='lat' dir='ltr'><strong>iste</strong></span> <span class='ocrx_word' id='word_1_58' title='bbox 1157 757 1270 789; x_wconf 91' lang='lat' dir='ltr'><strong>cum</strong></span> <span class='ocrx_word' id='word_1_59' title='bbox 1301 741 1682 791; x_wconf 79' lang='lat' dir='ltr'><strong>reminisceretur</strong></span> <span class='ocrx_word' id='word_1_60' title='bbox 1709 742 1784 790; x_wconf 77' lang='lat' dir='ltr'><strong>sui</strong></span> 
     </span>
     <span class='ocr_line' id='line_1_8' title="bbox 356 817 1785 885; baseline 0.004 -23"><span class='ocrx_word' id='word_1_61' title='bbox 356 839 379 863; x_wconf 75' lang='grc' dir='ltr'>α</span> <span class='ocrx_word' id='word_1_62' title='bbox 409 819 579 885; x_wconf 86' lang='lat' dir='ltr'><strong>patris,</strong></span> <span class='ocrx_word' id='word_1_63' title='bbox 609 818 676 866; x_wconf 93' lang='lat' dir='ltr'><strong>ob</strong></span> <span class='ocrx_word' id='word_1_64' title='bbox 699 818 998 867; x_wconf 79' lang='lat' dir='ltr'><strong>insolentiam</strong></span> <span class='ocrx_word' id='word_1_65' title='bbox 1017 817 1272 878; x_wconf 81' lang='lat' dir='ltr'><strong>interfecti,</strong></span> <span class='ocrx_word' id='word_1_66' title='bbox 1305 819 1438 884; x_wconf 84' lang='lat' dir='ltr'><strong>regni</strong></span> <span class='ocrx_word' id='word_1_67' title='bbox 1461 820 1785 868; x_wconf 73' lang='lat' dir='ltr'><strong>curamsmci-</strong></span> 
     </span>
     <span class='ocr_line' id='line_1_9' title="bbox 356 894 1778 962; baseline 0.005 -23"><span class='ocrx_word' id='word_1_68' title='bbox 356 915 381 939; x_wconf 85' lang='lat'><em>«</em></span> <span class='ocrx_word' id='word_1_69' title='bbox 409 912 523 962; x_wconf 83' lang='lat' dir='ltr'><strong>pere</strong></span> <span class='ocrx_word' id='word_1_70' title='bbox 547 894 847 943; x_wconf 80' lang='lat' dir='ltr'><strong>formidabat.</strong></span> <span class='ocrx_word' id='word_1_71' title='bbox 871 895 1016 943; x_wconf 85' lang='lat' dir='ltr'><strong>Nobis</strong></span> <span class='ocrx_word' id='word_1_72' title='bbox 1033 896 1192 962; x_wconf 87' lang='lat' dir='ltr'><strong>itaque</strong></span> <span class='ocrx_word' id='word_1_73' title='bbox 1206 896 1453 958; x_wconf 78' lang='lat' dir='ltr'><strong>invidens,</strong></span> <span class='ocrx_word' id='word_1_74' title='bbox 1484 896 1742 946; x_wconf 81' lang='lat' dir='ltr'><strong>Rodulfum</strong></span> <span class='ocrx_word' id='word_1_75' title='bbox 1759 897 1778 924; x_wconf 85' lang='lat'><strong>¹</strong></span> 
     </span>
     <span class='ocr_line' id='line_1_10' title="bbox 356 973 1784 1040; baseline 0.003 -20"><span class='ocrx_word' id='word_1_76' title='bbox 356 974 664 1040; x_wconf 87' lang='lat' dir='ltr'><strong>«promovit.</strong></span> <span class='ocrx_word' id='word_1_77' title='bbox 685 974 778 1022; x_wconf 90' lang='lat' dir='ltr'><strong>Sed</strong></span> <span class='ocrx_word' id='word_1_78' title='bbox 795 974 1022 1022; x_wconf 84' lang='lat' dir='ltr'><strong>Divinitas</strong></span> <span class='ocrx_word' id='word_1_79' title='bbox 1040 991 1115 1023; x_wconf 87' lang='lat' dir='ltr'><strong>res</strong></span> <span class='ocrx_word' id='word_1_80' title='bbox 1130 973 1253 1022; x_wconf 86' lang='lat' dir='ltr'><strong>illius</strong></span> <span class='ocrx_word' id='word_1_81' title='bbox 1266 974 1388 1023; x_wconf 87' lang='lat' dir='ltr'><strong>sicut</strong></span> <span class='ocrx_word' id='word_1_82' title='bbox 1400 985 1449 1023; x_wconf 84' lang='lat' dir='ltr'><strong>et</strong></span> <span class='ocrx_word' id='word_1_83' title='bbox 1461 984 1618 1024; x_wconf 86' lang='lat' dir='ltr'><strong>cetera</strong></span> <span class='ocrx_word' id='word_1_84' title='bbox 1632 975 1784 1024; x_wconf 85' lang='lat' dir='ltr'><strong>deter-</strong></span> 
     </span>
     <span class='ocr_line' id='line_1_11' title="bbox 368 1051 1784 1132; baseline 0.003 -34.119"><span class='ocrx_word' id='word_1_85' title='bbox 368 1051 623 1113; x_wconf 86' lang='lat' dir='ltr'><strong>‹minans,</strong></span> <span class='ocrx_word' id='word_1_86' title='bbox 645 1052 689 1099; x_wconf 87' lang='lat' dir='ltr'><strong>ei</strong></span> <span class='ocrx_word' id='word_1_87' title='bbox 706 1051 902 1117; x_wconf 91' lang='lat' dir='ltr'><strong>quando</strong></span> <span class='ocrx_word' id='word_1_88' title='bbox 919 1051 1070 1100; x_wconf 88' lang='lat' dir='ltr'><strong>voluit</strong></span> <span class='ocrx_word' id='word_1_89' title='bbox 1085 1051 1230 1101; x_wconf 84' lang='lat' dir='ltr'><strong>finem</strong></span> <span class='ocrx_word' id='word_1_90' title='bbox 1242 1052 1474 1118; x_wconf 87' lang='lat' dir='ltr'><strong>regnandi</strong></span> <span class='ocrx_word' id='word_1_91' title='bbox 1489 1052 1641 1132; x_wconf 39' lang='lat' dir='ltr'><strong>dedi&amp;</strong></span> <span class='ocrx_word' id='word_1_92' title='bbox 1657 1055 1784 1102; x_wconf 87' lang='lat' dir='ltr'><strong>Dum</strong></span> 
     </span>
     <span class='ocr_line' id='line_1_12' title="bbox 368 1129 1782 1199; baseline 0.002 -22.088"><span class='ocrx_word' id='word_1_93' title='bbox 368 1130 524 1178; x_wconf 87' lang='lat' dir='ltr'><strong>‹item</strong></span> <span class='ocrx_word' id='word_1_94' title='bbox 540 1146 740 1195; x_wconf 86' lang='lat' dir='ltr'><strong>regnum</strong></span> <span class='ocrx_word' id='word_1_95' title='bbox 764 1140 980 1191; x_wconf 85' lang='lat' dir='ltr'><strong>vacaret,</strong></span> <span class='ocrx_word' id='word_1_96' title='bbox 1000 1130 1199 1179; x_wconf 86' lang='lat' dir='ltr'><strong>consilio</strong></span> <span class='ocrx_word' id='word_1_97' title='bbox 1217 1129 1459 1179; x_wconf 92' lang='lat' dir='ltr'><strong>bonorum</strong></span> <span class='ocrx_word' id='word_1_98' title='bbox 1479 1146 1559 1180; x_wconf 90' lang='lat' dir='ltr'><strong>me</strong></span> <span class='ocrx_word' id='word_1_99' title='bbox 1584 1145 1616 1179; x_wconf 80' lang='grc' dir='ltr'>ι</span> <span class='ocrx_word' id='word_1_100' title='bbox 1638 1131 1782 1199; x_wconf 77' lang='lat' dir='ltr'><strong>parti-</strong></span> 
     </span>
     <span class='ocr_line' id='line_1_13' title="bbox 357 1210 1786 1277; baseline 0.002 -20.023"><span class='ocrx_word' id='word_1_101' title='bbox 357 1231 381 1256; x_wconf 84' lang='lat'><strong><em>«</em></strong></span> <span class='ocrx_word' id='word_1_102' title='bbox 408 1210 500 1259; x_wconf 88' lang='lat' dir='ltr'><strong>bus</strong></span> <span class='ocrx_word' id='word_1_103' title='bbox 517 1211 776 1277; x_wconf 81' lang='lat' dir='ltr'><strong>peregrinis</strong></span> <span class='ocrx_word' id='word_1_104' title='bbox 792 1211 1061 1260; x_wconf 85' lang='lat' dir='ltr'><strong>exulantem</strong></span> <span class='ocrx_word' id='word_1_105' title='bbox 1071 1213 1331 1272; x_wconf 81' lang='lat' dir='ltr'><strong>revocavit,</strong></span> <span class='ocrx_word' id='word_1_106' title='bbox 1350 1228 1406 1260; x_wconf 88' lang='lat' dir='ltr'><strong>ac</strong></span> <span class='ocrx_word' id='word_1_107' title='bbox 1423 1211 1642 1260; x_wconf 90' lang='lat' dir='ltr'><strong>omnium</strong></span> <span class='ocrx_word' id='word_1_108' title='bbox 1656 1212 1786 1261; x_wconf 86' lang='lat' dir='ltr'><strong>coni-</strong></span> 
     </span>
     <span class='ocr_line' id='line_1_14' title="bbox 358 1291 1786 1360; baseline 0.003 -23"><span class='ocrx_word' id='word_1_109' title='bbox 358 1311 382 1337; x_wconf 86' lang='lat'>«</span> <span class='ocrx_word' id='word_1_110' title='bbox 411 1291 601 1340; x_wconf 87' lang='lat' dir='ltr'><strong>bentia</strong></span> <span class='ocrx_word' id='word_1_111' title='bbox 588 1310 638 1340; x_wconf 89' lang='grc' dir='ltr'><strong>ιιι</strong></span> <span class='ocrx_word' id='word_1_112' title='bbox 658 1309 857 1358; x_wconf 86' lang='lat' dir='ltr'><strong>regnum</strong></span> <span class='ocrx_word' id='word_1_113' title='bbox 886 1294 1153 1360; x_wconf 90' lang='lat' dir='ltr'><strong>promovit,</strong></span> <span class='ocrx_word' id='word_1_114' title='bbox 1196 1293 1315 1342; x_wconf 91' lang='lat' dir='ltr'><strong>nihil</strong></span> <span class='ocrx_word' id='word_1_115' title='bbox 1339 1292 1457 1341; x_wconf 85' lang='lat' dir='ltr'><strong>mihi</strong></span> <span class='ocrx_word' id='word_1_116' title='bbox 1473 1302 1642 1360; x_wconf 65' lang='lat' dir='ltr'><strong>preter</strong></span> <span class='ocrx_word' id='word_1_117' title='bbox 1667 1294 1786 1341; x_wconf 83' lang='lat' dir='ltr'><strong>Lau·</strong></span> 
     </span>
     <span class='ocr_line' id='line_1_15' title="bbox 357 1372 1786 1440; baseline 0.004 -23"><span class='ocrx_word' id='word_1_118' title='bbox 357 1393 379 1418; x_wconf 88' lang='lat'>«</span> <span class='ocrx_word' id='word_1_119' title='bbox 404 1372 591 1426; x_wconf 87' lang='lat' dir='ltr'><strong>dunum</strong></span> <span class='ocrx_word' id='word_1_120' title='bbox 633 1373 920 1440; x_wconf 86' lang='lat' dir='ltr'><strong>relinquens.</strong></span> <span class='ocrx_word' id='word_1_121' title='bbox 963 1378 1308 1440; x_wconf 87' lang='lat' dir='ltr'><strong>Promotusque</strong></span> <span class='ocrx_word' id='word_1_122' title='bbox 1337 1391 1447 1422; x_wconf 91' lang='lat' dir='ltr'><strong>cum</strong></span> <span class='ocrx_word' id='word_1_123' title='bbox 1466 1390 1642 1440; x_wconf 80' lang='lat' dir='ltr'><strong>eaquae</strong></span> <span class='ocrx_word' id='word_1_124' title='bbox 1672 1373 1786 1439; x_wconf 81' lang='lat' dir='ltr'><strong>regii</strong></span> 
     </span>
     <span class='ocr_line' id='line_1_16' title="bbox 358 1450 1788 1518; baseline 0.002 -22"><span class='ocrx_word' id='word_1_125' title='bbox 358 1472 381 1495; x_wconf 90' lang='lat'>«</span> <span class='ocrx_word' id='word_1_126' title='bbox 405 1451 526 1516; x_wconf 87' lang='lat' dir='ltr'><strong>juris</strong></span> <span class='ocrx_word' id='word_1_127' title='bbox 543 1451 843 1513; x_wconf 87' lang='lat' dir='ltr'><strong>videbantur,</strong></span> <span class='ocrx_word' id='word_1_128' title='bbox 876 1461 1088 1518; x_wconf 85' lang='lat' dir='ltr'><strong>repetere</strong></span> <span class='ocrx_word' id='word_1_129' title='bbox 1116 1452 1308 1512; x_wconf 88' lang='lat' dir='ltr'><strong>niterer,</strong></span> <span class='ocrx_word' id='word_1_130' title='bbox 1338 1451 1389 1499; x_wconf 90' lang='lat' dir='ltr'><strong>id</strong></span> <span class='ocrx_word' id='word_1_131' title='bbox 1416 1450 1706 1500; x_wconf 82' lang='lat' dir='ltr'><strong>invidissime</strong></span> <span class='ocrx_word' id='word_1_132' title='bbox 1722 1450 1788 1500; x_wconf 82' lang='lat' dir='ltr'><strong>fe-</strong></span> 
     </span>
     <span class='ocr_line' id='line_1_17' title="bbox 357 1528 1786 1594; baseline 0.001 -20"><span class='ocrx_word' id='word_1_133' title='bbox 357 1548 381 1573; x_wconf 90' lang='lat'>«</span> <span class='ocrx_word' id='word_1_134' title='bbox 404 1529 552 1577; x_wconf 87' lang='lat' dir='ltr'><strong>rebat.</strong></span> <span class='ocrx_word' id='word_1_135' title='bbox 586 1533 753 1577; x_wconf 85' lang='lat' dir='ltr'><strong>Factus</strong></span> <span class='ocrx_word' id='word_1_136' title='bbox 786 1546 899 1594; x_wconf 86' lang='lat' dir='ltr'><strong>ergo</strong></span> <span class='ocrx_word' id='word_1_137' title='bbox 936 1529 1135 1578; x_wconf 86' lang='lat' dir='ltr'><strong>latenter</strong></span> <span class='ocrx_word' id='word_1_138' title='bbox 1166 1528 1486 1590; x_wconf 78' lang='lat' dir='ltr'><strong>adversarius,</strong></span> <span class='ocrx_word' id='word_1_139' title='bbox 1517 1528 1721 1588; x_wconf 76' lang='lat' dir='ltr'><strong>amicos,</strong></span> <span class='ocrx_word' id='word_1_140' title='bbox 1747 1529 1786 1576; x_wconf 86' lang='lat' dir='ltr'><strong>si</strong></span> 
     </span>
     <span class='ocr_line' id='line_1_18' title="bbox 358 1605 1784 1673; baseline 0.001 -22"><span class='ocrx_word' id='word_1_141' title='bbox 358 1626 382 1651; x_wconf 90' lang='lat'>«</span> <span class='ocrx_word' id='word_1_142' title='bbox 405 1624 527 1672; x_wconf 90' lang='lat' dir='ltr'><strong>quos</strong></span> <span class='ocrx_word' id='word_1_143' title='bbox 557 1607 820 1667; x_wconf 87' lang='lat' dir='ltr'><strong>habebam,</strong></span> <span class='ocrx_word' id='word_1_144' title='bbox 863 1608 1077 1673; x_wconf 89' lang='lat' dir='ltr'><strong>pecuniis</strong></span> <span class='ocrx_word' id='word_1_145' title='bbox 1115 1606 1440 1666; x_wconf 86' lang='lat' dir='ltr'><strong>subvertebat,</strong></span> <span class='ocrx_word' id='word_1_146' title='bbox 1484 1605 1702 1654; x_wconf 80' lang='lat' dir='ltr'><strong>inimicos</strong></span> <span class='ocrx_word' id='word_1_147' title='bbox 1735 1605 1784 1653; x_wconf 92' lang='lat' dir='ltr'><strong>in</strong></span> 
     </span>
     <span class='ocr_line' id='line_1_19' title="bbox 360 1682 1782 1752; baseline 0.001 -24"><span class='ocrx_word' id='word_1_148' title='bbox 360 1704 383 1729; x_wconf 89' lang='lat'>«</span> <span class='ocrx_word' id='word_1_149' title='bbox 406 1684 573 1732; x_wconf 90' lang='lat' dir='ltr'><strong>odium</strong></span> <span class='ocrx_word' id='word_1_150' title='bbox 606 1685 809 1752; x_wconf 86' lang='lat' dir='ltr'><strong>amplius</strong></span> <span class='ocrx_word' id='word_1_151' title='bbox 834 1685 1074 1734; x_wconf 83' lang='lat' dir='ltr'><strong>incitabat.</strong></span> <span class='ocrx_word' id='word_1_152' title='bbox 1092 1685 1303 1733; x_wconf 84' lang='lat' dir='ltr'><strong>Tandem</strong></span> <span class='ocrx_word' id='word_1_153' title='bbox 1317 1721 1330 1745; x_wconf 92' lang='lat'><strong>,</strong></span> <span class='ocrx_word' id='word_1_154' title='bbox 1359 1692 1555 1749; x_wconf 87' lang='lat' dir='ltr'><strong>urgente</strong></span> <span class='ocrx_word' id='word_1_155' title='bbox 1572 1682 1750 1731; x_wconf 82' lang='lat' dir='ltr'><strong>invidia</strong></span> <span class='ocrx_word' id='word_1_156' title='bbox 1768 1718 1782 1742; x_wconf 92' lang='lat'><strong>,</strong></span> 
     </span>
     <span class='ocr_line' id='line_1_20' title="bbox 361 1762 1786 1829; baseline 0.001 -22"><span class='ocrx_word' id='word_1_157' title='bbox 361 1782 384 1806; x_wconf 89' lang='lat'><strong><em>«</em></strong></span> <span class='ocrx_word' id='word_1_158' title='bbox 415 1762 544 1829; x_wconf 86' lang='lat' dir='ltr'><strong>apud</strong></span> <span class='ocrx_word' id='word_1_159' title='bbox 571 1772 760 1828; x_wconf 86' lang='lat' dir='ltr'><strong>pyratas</strong></span> <span class='ocrx_word' id='word_1_160' title='bbox 787 1763 881 1827; x_wconf 88' lang='lat' dir='ltr'><strong>egit</strong></span> <span class='ocrx_word' id='word_1_161' title='bbox 898 1798 911 1822; x_wconf 95' lang='lat'><strong>,</strong></span> <span class='ocrx_word' id='word_1_162' title='bbox 946 1772 1000 1810; x_wconf 90' lang='lat' dir='ltr'><strong>ut</strong></span> <span class='ocrx_word' id='word_1_163' title='bbox 1021 1762 1083 1810; x_wconf 84' lang='lat' dir='ltr'><strong>ab</strong></span> <span class='ocrx_word' id='word_1_164' title='bbox 1100 1763 1168 1810; x_wconf 87' lang='lat' dir='ltr'><strong>eis</strong></span> <span class='ocrx_word' id='word_1_165' title='bbox 1185 1762 1300 1810; x_wconf 92' lang='lat' dir='ltr'><strong>dolo</strong></span> <span class='ocrx_word' id='word_1_166' title='bbox 1331 1778 1557 1828; x_wconf 80' lang='lat' dir='ltr'><strong>caperer3</strong></span> <span class='ocrx_word' id='word_1_167' title='bbox 1586 1777 1786 1826; x_wconf 82' lang='lat' dir='ltr'><strong>regnum</strong></span> 
     </span>
     <span class='ocr_line' id='line_1_21' title="bbox 361 1838 1781 1908; baseline 0.001 -23"><span class='ocrx_word' id='word_1_168' title='bbox 361 1860 383 1885; x_wconf 76' lang='grc' dir='ltr'>κ</span> <span class='ocrx_word' id='word_1_169' title='bbox 414 1841 463 1887; x_wconf 89' lang='lat' dir='ltr'><strong>in</strong></span> <span class='ocrx_word' id='word_1_170' title='bbox 480 1857 531 1887; x_wconf 87' lang='lat' dir='ltr'><strong>se</strong></span> <span class='ocrx_word' id='word_1_171' title='bbox 547 1856 689 1906; x_wconf 88' lang='lat' dir='ltr'><strong>posse</strong></span> <span class='ocrx_word' id='word_1_172' title='bbox 706 1839 894 1908; x_wconf 73' lang='lat' dir='ltr'><strong>refundi</strong></span> <span class='ocrx_word' id='word_1_173' title='bbox 924 1839 1178 1900; x_wconf 88' lang='lat' dir='ltr'><strong>arbitrans,</strong></span> <span class='ocrx_word' id='word_1_174' title='bbox 1206 1840 1245 1887; x_wconf 91' lang='lat' dir='ltr'><strong>si</strong></span> <span class='ocrx_word' id='word_1_175' title='bbox 1275 1839 1325 1887; x_wconf 93' lang='lat' dir='ltr'><strong>id</strong></span> <span class='ocrx_word' id='word_1_176' title='bbox 1357 1838 1461 1887; x_wconf 79' lang='lat' dir='ltr'><strong>fieri</strong></span> <span class='ocrx_word' id='word_1_177' title='bbox 1493 1838 1781 1904; x_wconf 75' lang='lat' dir='ltr'><strong>contigisset.</strong></span> 
     </span>
     <span class='ocr_line' id='line_1_22' title="bbox 360 1915 1781 1983; baseline 0.001 -22"><span class='ocrx_word' id='word_1_178' title='bbox 360 1938 384 1962; x_wconf 76' lang='lat' dir='ltr'><strong>a</strong></span> <span class='ocrx_word' id='word_1_179' title='bbox 414 1921 509 1966; x_wconf 90' lang='lat' dir='ltr'><strong>Nec</strong></span> <span class='ocrx_word' id='word_1_180' title='bbox 532 1917 681 1966; x_wconf 81' lang='lat' dir='ltr'><strong>defuit</strong></span> <span class='ocrx_word' id='word_1_181' title='bbox 702 1917 884 1965; x_wconf 90' lang='lat' dir='ltr'><strong>insidiis</strong></span> <span class='ocrx_word' id='word_1_182' title='bbox 905 1917 1114 1965; x_wconf 82' lang='lat' dir='ltr'><strong>effectus.</strong></span> <span class='ocrx_word' id='word_1_183' title='bbox 1142 1919 1318 1983; x_wconf 88' lang='lat' dir='ltr'><strong>Captus</strong></span> <span class='ocrx_word' id='word_1_184' title='bbox 1353 1916 1418 1964; x_wconf 84' lang='lat' dir='ltr'><strong>sui</strong></span> <span class='ocrx_word' id='word_1_185' title='bbox 1433 1952 1447 1977; x_wconf 91' lang='lat'><strong>,</strong></span> <span class='ocrx_word' id='word_1_186' title='bbox 1479 1915 1751 1981; x_wconf 72' lang='lat' dir='ltr'><strong>carcerique</strong></span> <span class='ocrx_word' id='word_1_187' title='bbox 1765 1915 1781 1940; x_wconf 77' lang='lat'><strong>³</strong></span> 
     </span>
     <span class='ocr_line' id='line_1_23' title="bbox 361 1992 1787 2062; baseline 0.001 -24"><span class='ocrx_word' id='word_1_188' title='bbox 361 2014 385 2038; x_wconf 87' lang='lat'>«</span> <span class='ocrx_word' id='word_1_189' title='bbox 408 1996 719 2062; x_wconf 86' lang='lat' dir='ltr'><strong>mancipatus.</strong></span> <span class='ocrx_word' id='word_1_190' title='bbox 771 1994 852 2043; x_wconf 90' lang='lat' dir='ltr'><strong>llle</strong></span> <span class='ocrx_word' id='word_1_191' title='bbox 892 2011 1008 2043; x_wconf 88' lang='lat' dir='ltr'><strong>vero</strong></span> <span class='ocrx_word' id='word_1_192' title='bbox 1043 2012 1121 2043; x_wconf 90' lang='lat' dir='ltr'><strong>me</strong></span> <span class='ocrx_word' id='word_1_193' title='bbox 1150 1995 1332 2062; x_wconf 89' lang='lat' dir='ltr'><strong>eripere</strong></span> <span class='ocrx_word' id='word_1_194' title='bbox 1366 1993 1593 2042; x_wconf 83' lang='lat' dir='ltr'><strong>simulans</strong></span> <span class='ocrx_word' id='word_1_195' title='bbox 1607 2028 1622 2055; x_wconf 91' lang='lat'><strong>,</strong></span> <span class='ocrx_word' id='word_1_196' title='bbox 1663 1992 1787 2041; x_wconf 79' lang='lat' dir='ltr'><strong>filios</strong></span> 
     </span>
     <span class='ocr_line' id='line_1_24' title="bbox 361 2069 1786 2139; baseline 0 -21"><span class='ocrx_word' id='word_1_197' title='bbox 361 2092 385 2117; x_wconf 89' lang='lat'>«</span> <span class='ocrx_word' id='word_1_198' title='bbox 415 2089 548 2120; x_wconf 88' lang='lat' dir='ltr'><strong>meos</strong></span> <span class='ocrx_word' id='word_1_199' title='bbox 560 2073 668 2137; x_wconf 89' lang='lat' dir='ltr'><strong>jure</strong></span> <span class='ocrx_word' id='word_1_200' title='bbox 685 2071 909 2121; x_wconf 87' lang='lat' dir='ltr'><strong>obsidum</strong></span> <span class='ocrx_word' id='word_1_201' title='bbox 942 2072 1128 2120; x_wconf 90' lang='lat' dir='ltr'><strong>dandos</strong></span> <span class='ocrx_word' id='word_1_202' title='bbox 1158 2071 1364 2139; x_wconf 87' lang='lat' dir='ltr'><strong>petebat.</strong></span> <span class='ocrx_word' id='word_1_203' title='bbox 1396 2075 1453 2119; x_wconf 81' lang='lat' dir='ltr'><strong>At</strong></span> <span class='ocrx_word' id='word_1_204' title='bbox 1483 2071 1539 2119; x_wconf 82' lang='lat' dir='ltr'><strong>iis</strong></span> <span class='ocrx_word' id='word_1_205' title='bbox 1562 2069 1647 2137; x_wconf 89' lang='lat' dir='ltr'><strong>qui</strong></span> <span class='ocrx_word' id='word_1_206' title='bbox 1669 2069 1786 2118; x_wconf 86' lang='lat' dir='ltr'><strong>mihi</strong></span> 
     </span>
     <span class='ocr_line' id='line_1_25' title="bbox 361 2147 1788 2215; baseline 0.001 -20"><span class='ocrx_word' id='word_1_207' title='bbox 361 2170 385 2196; x_wconf 77' lang='grc' dir='ltr'><em>α</em></span> <span class='ocrx_word' id='word_1_208' title='bbox 415 2149 509 2199; x_wconf 79' lang='lat' dir='ltr'><strong>fide</strong></span> <span class='ocrx_word' id='word_1_209' title='bbox 544 2150 752 2215; x_wconf 87' lang='lat' dir='ltr'><strong>adjuncti</strong></span> <span class='ocrx_word' id='word_1_210' title='bbox 787 2161 922 2199; x_wconf 89' lang='lat' dir='ltr'><strong>erant</strong></span> <span class='ocrx_word' id='word_1_211' title='bbox 955 2167 1122 2200; x_wconf 90' lang='lat' dir='ltr'><strong>omnes</strong></span> <span class='ocrx_word' id='word_1_212' title='bbox 1150 2150 1254 2199; x_wconf 88' lang='lat' dir='ltr'><strong>dari</strong></span> <span class='ocrx_word' id='word_1_213' title='bbox 1277 2147 1641 2199; x_wconf 84' lang='lat' dir='ltr'><strong>reclamantibus</strong></span> <span class='ocrx_word' id='word_1_214' title='bbox 1658 2184 1672 2210; x_wconf 90' lang='lat'><strong>,</strong></span> <span class='ocrx_word' id='word_1_215' title='bbox 1717 2147 1788 2196; x_wconf 89' lang='lat' dir='ltr'><strong>di·</strong></span> 
     </span>
     <span class='ocr_line' id='line_1_26' title="bbox 362 2226 1787 2295; baseline 0.002 -23"><span class='ocrx_word' id='word_1_216' title='bbox 362 2248 386 2272; x_wconf 75' lang='grc' dir='ltr'>κ</span> <span class='ocrx_word' id='word_1_217' title='bbox 415 2228 559 2276; x_wconf 89' lang='lat' dir='ltr'><strong>misso</strong></span> <span class='ocrx_word' id='word_1_218' title='bbox 586 2245 703 2288; x_wconf 91' lang='lat' dir='ltr'><strong>uno,</strong></span> <span class='ocrx_word' id='word_1_219' title='bbox 727 2245 755 2276; x_wconf 83' lang='lat' dir='ltr'><strong>a</strong></span> <span class='ocrx_word' id='word_1_220' title='bbox 770 2229 933 2295; x_wconf 84' lang='lat' dir='ltr'><strong>piratis</strong></span> <span class='ocrx_word' id='word_1_221' title='bbox 957 2245 1035 2276; x_wconf 88' lang='lat' dir='ltr'><strong>me</strong></span> <span class='ocrx_word' id='word_1_222' title='bbox 1059 2229 1249 2294; x_wconf 89' lang='lat' dir='ltr'><strong>recepit.</strong></span> <span class='ocrx_word' id='word_1_223' title='bbox 1278 2231 1382 2275; x_wconf 85' lang='lat' dir='ltr'><strong>Jam</strong></span> <span class='ocrx_word' id='word_1_224' title='bbox 1398 2226 1660 2275; x_wconf 79' lang='lat' dir='ltr'><strong>libertatem</strong></span> <span class='ocrx_word' id='word_1_225' title='bbox 1683 2241 1787 2292; x_wconf 83' lang='lat' dir='ltr'><strong>spe-</strong></span> 
     </span>
     <span class='ocr_line' id='line_1_27' title="bbox 361 2302 1788 2373; baseline -0.001 -22"><span class='ocrx_word' id='word_1_226' title='bbox 361 2326 385 2352; x_wconf 85' lang='lat'>«</span> <span class='ocrx_word' id='word_1_227' title='bbox 414 2322 545 2366; x_wconf 86' lang='lat' dir='ltr'><strong>raus,</strong></span> <span class='ocrx_word' id='word_1_228' title='bbox 566 2322 664 2372; x_wconf 89' lang='lat' dir='ltr'><strong>quo</strong></span> <span class='ocrx_word' id='word_1_229' title='bbox 683 2307 869 2355; x_wconf 85' lang='lat' dir='ltr'><strong>animus</strong></span> <span class='ocrx_word' id='word_1_230' title='bbox 886 2306 1147 2373; x_wconf 91' lang='lat' dir='ltr'><strong>impelleret</strong></span> <span class='ocrx_word' id='word_1_231' title='bbox 1166 2307 1233 2354; x_wconf 88' lang='lat' dir='ltr'><strong>ire</strong></span> <span class='ocrx_word' id='word_1_232' title='bbox 1251 2304 1485 2353; x_wconf 86' lang='lat' dir='ltr'><strong>volebam.</strong></span> <span class='ocrx_word' id='word_1_233' title='bbox 1516 2306 1693 2352; x_wconf 88' lang='lat' dir='ltr'><strong>Verum</strong></span> <span class='ocrx_word' id='word_1_234' title='bbox 1708 2302 1788 2350; x_wconf 89' lang='lat' dir='ltr'><strong>ali-</strong></span> 
     </span>
     <span class='ocr_line' id='line_1_28' title="bbox 362 2379 1785 2450; baseline 0 -22"><span class='ocrx_word' id='word_1_235' title='bbox 362 2404 386 2429; x_wconf 88' lang='lat'>«</span> <span class='ocrx_word' id='word_1_236' title='bbox 410 2394 482 2432; x_wconf 89' lang='lat' dir='ltr'><strong>ter</strong></span> <span class='ocrx_word' id='word_1_237' title='bbox 506 2379 780 2450; x_wconf 85' lang='lat' dir='ltr'><strong>provenisse</strong></span> <span class='ocrx_word' id='word_1_238' title='bbox 804 2384 1103 2432; x_wconf 84' lang='lat' dir='ltr'><strong>manifestum</strong></span> <span class='ocrx_word' id='word_1_239' title='bbox 1126 2393 1212 2432; x_wconf 87' lang='lat' dir='ltr'><strong>est.</strong></span> <span class='ocrx_word' id='word_1_240' title='bbox 1235 2386 1354 2431; x_wconf 88' lang='lat' dir='ltr'><strong>Nam</strong></span> <span class='ocrx_word' id='word_1_241' title='bbox 1371 2392 1564 2448; x_wconf 89' lang='lat' dir='ltr'><strong>captum</strong></span> <span class='ocrx_word' id='word_1_242' title='bbox 1597 2397 1709 2430; x_wconf 80' lang='lat' dir='ltr'><strong>mox</strong></span> <span class='ocrx_word' id='word_1_243' title='bbox 1734 2380 1785 2428; x_wconf 92' lang='lat' dir='ltr'><strong>in</strong></span> 
     </span>
     <span class='ocr_line' id='line_1_29' title="bbox 362 2455 1786 2526; baseline -0.001 -20"><span class='ocrx_word' id='word_1_244' title='bbox 362 2483 384 2506; x_wconf 90' lang='lat'>«</span> <span class='ocrx_word' id='word_1_245' title='bbox 415 2460 603 2510; x_wconf 87' lang='lat' dir='ltr'><strong>vincula</strong></span> <span class='ocrx_word' id='word_1_246' title='bbox 617 2462 835 2526; x_wconf 85' lang='lat' dir='ltr'><strong>conjecit,</strong></span> <span class='ocrx_word' id='word_1_247' title='bbox 854 2479 910 2510; x_wconf 86' lang='lat' dir='ltr'><strong>ac</strong></span> <span class='ocrx_word' id='word_1_248' title='bbox 926 2461 1118 2510; x_wconf 85' lang='lat' dir='ltr'><strong>annuali</strong></span> <span class='ocrx_word' id='word_1_249' title='bbox 1133 2461 1308 2509; x_wconf 80' lang='lat' dir='ltr'><strong>carceri</strong></span> <span class='ocrx_word' id='word_1_250' title='bbox 1324 2458 1624 2526; x_wconf 86' lang='lat' dir='ltr'><strong>mancipavit.</strong></span> <span class='ocrx_word' id='word_1_251' title='bbox 1648 2455 1786 2506; x_wconf 90' lang='lat' dir='ltr'><strong>Unde</strong></span> 
     </span>
    </p>
   </div>
   <div class='ocr_carea' id='block_1_2' title="bbox 386 2588 985 2804">
    <p class='ocr_par' dir='ltr' id='par_1_2' title="bbox 386 2588 985 2692">
     <span class='ocr_line' id='line_1_30' title="bbox 409 2588 985 2635; baseline 0 -12"><span class='ocrx_word' id='word_1_252' title='bbox 409 2590 419 2608; x_wconf 81' lang='lat'>⁸</span> <span class='ocrx_word' id='word_1_253' title='bbox 447 2600 523 2631; x_wconf 82' lang='lat' dir='ltr'><strong>ma,</strong></span> <span class='ocrx_word' id='word_1_254' title='bbox 542 2599 567 2623; x_wconf 86' lang='grc' dir='ltr'><strong>ο</strong></span> <span class='ocrx_word' id='word_1_255' title='bbox 582 2588 677 2623; x_wconf 88' lang='lat' dir='ltr'><strong>inclu</strong></span> <span class='ocrx_word' id='word_1_256' title='bbox 689 2614 700 2631; x_wconf 83' lang='grc'>,</span> <span class='ocrx_word' id='word_1_257' title='bbox 717 2589 833 2635; x_wconf 79' lang='lat' dir='ltr'><strong>ogavit</strong></span> <span class='ocrx_word' id='word_1_258' title='bbox 848 2589 985 2623; x_wconf 72' lang='lat' dir='ltr'><strong>abscisa.</strong></span> 
     </span>
     <span class='ocr_line' id='line_1_31' title="bbox 386 2646 603 2692; baseline -0.005 -12"><span class='ocrx_word' id='word_1_259' title='bbox 386 2646 425 2668; x_wconf 71' lang='lat'><strong>¹⁹</strong></span> <span class='ocrx_word' id='word_1_260' title='bbox 450 2653 554 2692; x_wconf 81' lang='lat' dir='ltr'><strong>capto</strong></span> <span class='ocrx_word' id='word_1_261' title='bbox 570 2647 603 2680; x_wconf 75' lang='lat'><strong>¹.</strong></span> 
     </span>
    </p>

    <p class='ocr_par' dir='ltr' id='par_1_3' title="bbox 408 2701 604 2736">
     <span class='ocr_line' id='line_1_32' title="bbox 408 2701 604 2736; baseline 0.005 -1"><span class='ocrx_word' id='word_1_262' title='bbox 408 2702 422 2721; x_wconf 77' lang='lat'>²</span> <span class='ocrx_word' id='word_1_263' title='bbox 447 2701 552 2736; x_wconf 86' lang='lat' dir='ltr'><strong>alium</strong></span> <span class='ocrx_word' id='word_1_264' title='bbox 573 2704 604 2736; x_wconf 82' lang='lat' dir='ltr'><strong>l.</strong></span> 
     </span>
    </p>

    <p class='ocr_par' dir='ltr' id='par_1_4' title="bbox 407 2758 831 2804">
     <span class='ocr_line' id='line_1_33' title="bbox 407 2758 831 2804; baseline 0.007 -14"><span class='ocrx_word' id='word_1_265' title='bbox 407 2761 421 2777; x_wconf 82' lang='lat'>²</span> <span class='ocrx_word' id='word_1_266' title='bbox 438 2772 468 2791; x_wconf 83' lang='grc' dir='ltr'>ι-.</span> <span class='ocrx_word' id='word_1_267' title='bbox 487 2771 549 2804; x_wconf 81' lang='lat' dir='ltr'><strong>per</strong></span> <span class='ocrx_word' id='word_1_268' title='bbox 564 2771 694 2793; x_wconf 80' lang='lat' dir='ltr'><strong>annum</strong></span> <span class='ocrx_word' id='word_1_269' title='bbox 712 2758 831 2793; x_wconf 69' lang='lat' dir='ltr'><strong>deleta.</strong></span> 
     </span>
    </p>
   </div>
  </div>
 </body>
</html>
