<?xml version="1.0" encoding="UTF-8"?>
<!DOCTYPE html PUBLIC "-//W3C//DTD XHTML 1.0 Transitional//EN"
    "http://www.w3.org/TR/xhtml1/DTD/xhtml1-transitional.dtd">
<html xmlns="http://www.w3.org/1999/xhtml" xml:lang="en" lang="en">
 <head>
  <title>
</title>
<meta http-equiv="Content-Type" content="text/html;charset=utf-8" />
  <meta name='ocr-system' content='tesseract 3.04.00' />
  <meta name='ocr-capabilities' content='ocr_page ocr_carea ocr_par ocr_line ocrx_word'/>
</head>
<body>
  <div class='ocr_page' id='page_1' title='image "./richerhistoirede00richuoft_0202.png"; bbox 0 0 1962 3262; ppageno 0'>
   <div class='ocr_carea' id='block_1_1' title="bbox 328 207 1257 251">
    <p class='ocr_par' dir='ltr' id='par_1_1' title="bbox 328 207 1257 251">
     <span class='ocr_line' id='line_1_1' title="bbox 328 207 1257 251; baseline -0.001 -2"><span class='ocrx_word' id='word_1_1' title='bbox 328 215 380 251; x_wconf 51' lang='grc' dir='ltr'>,κ’-2.</span> <span class='ocrx_word' id='word_1_2' title='bbox 838 207 1060 249; x_wconf 68' lang='lat' dir='ltr'>lucum!</span> <span class='ocrx_word' id='word_1_3' title='bbox 1092 209 1190 250; x_wconf 76' lang='lat' dir='ltr'>Lm.</span> <span class='ocrx_word' id='word_1_4' title='bbox 1226 210 1257 248; x_wconf 88' lang='grc'>1.</span> 
     </span>
    </p>
   </div>
   <div class='ocr_carea' id='block_1_2' title="bbox 972 327 1107 363">
    <p class='ocr_par' dir='ltr' id='par_1_2' title="bbox 972 327 1107 363">
     <span class='ocr_line' id='line_1_2' title="bbox 972 327 1107 363; baseline -0.015 0"><span class='ocrx_word' id='word_1_5' title='bbox 972 327 1107 363; x_wconf 79' lang='lat' dir='ltr'>xuu.</span> 
     </span>
    </p>
   </div>
   <div class='ocr_carea' id='block_1_3' title="bbox 327 414 1774 1794">
    <p class='ocr_par' dir='ltr' id='par_1_3' title="bbox 327 414 1774 1794">
     <span class='ocr_line' id='line_1_3' title="bbox 398 414 1760 479; baseline -0.001 -14"><span class='ocrx_word' id='word_1_6' title='bbox 398 416 464 465; x_wconf 75' lang='lat' dir='ltr'>Ad</span> <span class='ocrx_word' id='word_1_7' title='bbox 491 415 589 464; x_wconf 80' lang='lat' dir='ltr'>haec</span> <span class='ocrx_word' id='word_1_8' title='bbox 614 414 709 462; x_wconf 85' lang='lat' dir='ltr'>sui&#39;</span> <span class='ocrx_word' id='word_1_9' title='bbox 736 432 748 460; x_wconf 76' lang='lat' dir='ltr'>t</span> <span class='ocrx_word' id='word_1_10' title='bbox 781 434 803 458; x_wconf 90' lang='lat'>«</span> <span class='ocrx_word' id='word_1_11' title='bbox 825 414 1139 462; x_wconf 82' lang='lat' dir='ltr'>Pernitiosum</span> <span class='ocrx_word' id='word_1_12' title='bbox 1165 424 1236 462; x_wconf 84' lang='lat' dir='ltr'>est</span> <span class='ocrx_word' id='word_1_13' title='bbox 1259 435 1281 458; x_wconf 78' lang='lat' dir='ltr'><em>n</em></span> <span class='ocrx_word' id='word_1_14' title='bbox 1310 415 1532 479; x_wconf 87' lang='lat' dir='ltr'>inquiunt</span> <span class='ocrx_word' id='word_1_15' title='bbox 1563 435 1585 460; x_wconf 67' lang='grc' dir='ltr'>(ι</span> <span class='ocrx_word' id='word_1_16' title='bbox 1604 432 1636 464; x_wconf 89' lang='lat' dir='ltr'><strong>o</strong></span> <span class='ocrx_word' id='word_1_17' title='bbox 1661 433 1760 477; x_wconf 79' lang='lat' dir='ltr'>rex,</span> 
     </span>
     <span class='ocr_line' id='line_1_4' title="bbox 330 491 1765 562; baseline 0.002 -21"><span class='ocrx_word' id='word_1_18' title='bbox 330 522 349 541; x_wconf 60' lang='grc' dir='ltr'>«ι</span> <span class='ocrx_word' id='word_1_19' title='bbox 372 495 539 562; x_wconf 78' lang='lat' dir='ltr'>juratis</span> <span class='ocrx_word' id='word_1_20' title='bbox 551 510 580 542; x_wconf 88' lang='lat' dir='ltr'>a</span> <span class='ocrx_word' id='word_1_21' title='bbox 591 492 792 541; x_wconf 90' lang='lat' dir='ltr'>domino</span> <span class='ocrx_word' id='word_1_22' title='bbox 806 491 1027 551; x_wconf 82' lang='lat' dir='ltr'>deficere,</span> <span class='ocrx_word' id='word_1_23' title='bbox 1044 491 1453 541; x_wconf 84' lang='lat' dir='ltr'>sceleratissimum</span> <span class='ocrx_word' id='word_1_24' title='bbox 1468 510 1583 541; x_wconf 82' lang='lat' dir='ltr'>vero</span> <span class='ocrx_word' id='word_1_25' title='bbox 1597 506 1765 544; x_wconf 79' lang='lat' dir='ltr'>contra</span> 
     </span>
     <span class='ocr_line' id='line_1_5' title="bbox 330 569 1761 637; baseline 0.001 -18"><span class='ocrx_word' id='word_1_26' title='bbox 330 599 352 619; x_wconf 84' lang='lat'>«</span> <span class='ocrx_word' id='word_1_27' title='bbox 376 574 629 623; x_wconf 89' lang='lat' dir='ltr'>dominum</span> <span class='ocrx_word' id='word_1_28' title='bbox 647 582 787 619; x_wconf 86' lang='lat' dir='ltr'>stare.</span> <span class='ocrx_word' id='word_1_29' title='bbox 810 571 859 617; x_wconf 89' lang='lat' dir='ltr'>Si</span> <span class='ocrx_word' id='word_1_30' title='bbox 883 569 945 618; x_wconf 88' lang='lat' dir='ltr'>de</span> <span class='ocrx_word' id='word_1_31' title='bbox 969 569 1211 618; x_wconf 81' lang='lat' dir='ltr'>desertore</span> <span class='ocrx_word' id='word_1_32' title='bbox 1234 587 1291 619; x_wconf 86' lang='lat' dir='ltr'>ac</span> <span class='ocrx_word' id='word_1_33' title='bbox 1319 571 1567 636; x_wconf 79' lang='lat' dir='ltr'>transfugis</span> <span class='ocrx_word' id='word_1_34' title='bbox 1590 572 1761 637; x_wconf 76' lang='lat' dir='ltr'>agitur,</span> 
     </span>
     <span class='ocr_line' id='line_1_6' title="bbox 329 647 1767 717; baseline 0.003 -21"><span class='ocrx_word' id='word_1_35' title='bbox 329 675 349 698; x_wconf 71' lang='grc' dir='ltr'>α</span> <span class='ocrx_word' id='word_1_36' title='bbox 376 653 645 716; x_wconf 83' lang='lat' dir='ltr'>horumque</span> <span class='ocrx_word' id='word_1_37' title='bbox 664 649 916 697; x_wconf 84' lang='lat' dir='ltr'>nominum</span> <span class='ocrx_word' id='word_1_38' title='bbox 932 648 971 695; x_wconf 76' lang='lat' dir='ltr'>si</span> <span class='ocrx_word' id='word_1_39' title='bbox 990 647 1262 696; x_wconf 84' lang='lat' dir='ltr'>advertatur</span> <span class='ocrx_word' id='word_1_40' title='bbox 1279 649 1621 715; x_wconf 85' lang='lat' dir='ltr'>interpretatio,</span> <span class='ocrx_word' id='word_1_41' title='bbox 1637 651 1767 717; x_wconf 88' lang='lat' dir='ltr'>quic-</span> 
     </span>
     <span class='ocr_line' id='line_1_7' title="bbox 328 726 1765 796; baseline 0.002 -21"><span class='ocrx_word' id='word_1_42' title='bbox 328 753 350 775; x_wconf 87' lang='lat'>«</span> <span class='ocrx_word' id='word_1_43' title='bbox 380 729 496 796; x_wconf 91' lang='lat' dir='ltr'>quid</span> <span class='ocrx_word' id='word_1_44' title='bbox 518 728 667 776; x_wconf 87' lang='lat' dir='ltr'>moliti</span> <span class='ocrx_word' id='word_1_45' title='bbox 691 737 827 785; x_wconf 89' lang='lat' dir='ltr'>sunt,</span> <span class='ocrx_word' id='word_1_46' title='bbox 866 736 1035 791; x_wconf 84' lang='lat' dir='ltr'>praeter</span> <span class='ocrx_word' id='word_1_47' title='bbox 1053 726 1132 789; x_wconf 87' lang='lat' dir='ltr'>jus</span> <span class='ocrx_word' id='word_1_48' title='bbox 1158 736 1229 774; x_wconf 61' lang='lat' dir='ltr'>est</span> <span class='ocrx_word' id='word_1_49' title='bbox 1255 737 1303 774; x_wconf 87' lang='lat' dir='ltr'>et</span> <span class='ocrx_word' id='word_1_50' title='bbox 1326 744 1521 793; x_wconf 85' lang='lat' dir='ltr'>equum.</span> <span class='ocrx_word' id='word_1_51' title='bbox 1557 727 1696 777; x_wconf 84' lang='lat' dir='ltr'>Unde</span> <span class='ocrx_word' id='word_1_52' title='bbox 1716 739 1765 778; x_wconf 87' lang='lat' dir='ltr'>et</span> 
     </span>
     <span class='ocr_line' id='line_1_8' title="bbox 328 805 1764 871; baseline 0.001 -17"><span class='ocrx_word' id='word_1_53' title='bbox 328 832 350 854; x_wconf 89' lang='lat'>«</span> <span class='ocrx_word' id='word_1_54' title='bbox 381 810 483 857; x_wconf 88' lang='lat' dir='ltr'>sine</span> <span class='ocrx_word' id='word_1_55' title='bbox 507 806 656 854; x_wconf 88' lang='lat' dir='ltr'>dubio</span> <span class='ocrx_word' id='word_1_56' title='bbox 682 806 719 852; x_wconf 91' lang='lat' dir='ltr'>si</span> <span class='ocrx_word' id='word_1_57' title='bbox 745 822 914 871; x_wconf 88' lang='lat' dir='ltr'>pugnae</span> <span class='ocrx_word' id='word_1_58' title='bbox 938 805 1191 852; x_wconf 73' lang='lat' dir='ltr'><strong>necessitas</strong></span> <span class='ocrx_word' id='word_1_59' title='bbox 1210 821 1293 852; x_wconf 86' lang='lat' dir='ltr'>eos</span> <span class='ocrx_word' id='word_1_60' title='bbox 1310 805 1563 870; x_wconf 79' lang='lat' dir='ltr'>adurgeat,</span> <span class='ocrx_word' id='word_1_61' title='bbox 1591 807 1764 855; x_wconf 84' lang='lat' dir='ltr'>divini·</span> 
     </span>
     <span class='ocr_line' id='line_1_9' title="bbox 328 881 1763 935; baseline 0.001 -2"><span class='ocrx_word' id='word_1_62' title='bbox 328 909 350 933; x_wconf 91' lang='lat'>«</span> <span class='ocrx_word' id='word_1_63' title='bbox 383 888 488 935; x_wconf 90' lang='lat' dir='ltr'>tatis</span> <span class='ocrx_word' id='word_1_64' title='bbox 526 885 756 932; x_wconf 81' lang='lat' dir='ltr'>ultionem</span> <span class='ocrx_word' id='word_1_65' title='bbox 811 899 910 930; x_wconf 90' lang='lat' dir='ltr'>non</span> <span class='ocrx_word' id='word_1_66' title='bbox 964 881 1182 930; x_wconf 79' lang='lat' dir='ltr'><strong>evadent.</strong></span> <span class='ocrx_word' id='word_1_67' title='bbox 1253 882 1304 929; x_wconf 84' lang='lat' dir='ltr'>ld</span> <span class='ocrx_word' id='word_1_68' title='bbox 1350 900 1463 931; x_wconf 87' lang='lat' dir='ltr'>vero</span> <span class='ocrx_word' id='word_1_69' title='bbox 1505 885 1763 934; x_wconf 79' lang='lat' dir='ltr'><strong>certissime</strong></span> 
     </span>
     <span class='ocr_line' id='line_1_10' title="bbox 328 959 1761 1025; baseline 0.001 -15"><span class='ocrx_word' id='word_1_70' title='bbox 328 988 350 1010; x_wconf 67' lang='grc' dir='ltr'>«ι</span> <span class='ocrx_word' id='word_1_71' title='bbox 383 965 592 1022; x_wconf 81' lang='lat' dir='ltr'>noveris,</span> <span class='ocrx_word' id='word_1_72' title='bbox 623 961 755 1009; x_wconf 88' lang='lat' dir='ltr'>nullo</span> <span class='ocrx_word' id='word_1_73' title='bbox 782 959 929 1007; x_wconf 90' lang='lat' dir='ltr'>modo</span> <span class='ocrx_word' id='word_1_74' title='bbox 956 976 1155 1024; x_wconf 88' lang='lat' dir='ltr'>regnum</span> <span class='ocrx_word' id='word_1_75' title='bbox 1182 976 1209 1006; x_wconf 87' lang='lat' dir='ltr'>a</span> <span class='ocrx_word' id='word_1_76' title='bbox 1234 969 1279 1006; x_wconf 90' lang='lat' dir='ltr'>te</span> <span class='ocrx_word' id='word_1_77' title='bbox 1305 961 1642 1025; x_wconf 88' lang='lat' dir='ltr'>repetendum,</span> <span class='ocrx_word' id='word_1_78' title='bbox 1673 965 1761 1011; x_wconf 88' lang='lat' dir='ltr'>nisi</span> 
     </span>
     <span class='ocr_line' id='line_1_11' title="bbox 329 1037 1762 1108; baseline 0.001 -20"><span class='ocrx_word' id='word_1_79' title='bbox 329 1067 350 1088; x_wconf 85' lang='lat'>«</span> <span class='ocrx_word' id='word_1_80' title='bbox 382 1043 507 1091; x_wconf 87' lang='lat' dir='ltr'>bello</span> <span class='ocrx_word' id='word_1_81' title='bbox 534 1042 688 1107; x_wconf 88' lang='lat' dir='ltr'>ipsum</span> <span class='ocrx_word' id='word_1_82' title='bbox 714 1037 1000 1103; x_wconf 77' lang='lat' dir='ltr'>aggrediaris</span> <span class='ocrx_word' id='word_1_83' title='bbox 1024 1038 1289 1095; x_wconf 86' lang='lat' dir='ltr'>tirannum;</span> <span class='ocrx_word' id='word_1_84' title='bbox 1323 1055 1520 1103; x_wconf 88' lang='lat' dir='ltr'>regnum</span> <span class='ocrx_word' id='word_1_85' title='bbox 1546 1051 1762 1108; x_wconf 85' lang='lat' dir='ltr'>ereptum</span> 
     </span>
     <span class='ocr_line' id='line_1_12' title="bbox 327 1115 1762 1183; baseline 0.003 -19"><span class='ocrx_word' id='word_1_86' title='bbox 327 1143 349 1165; x_wconf 86' lang='lat'><em>«</em></span> <span class='ocrx_word' id='word_1_87' title='bbox 380 1138 477 1169; x_wconf 91' lang='lat' dir='ltr'>non</span> <span class='ocrx_word' id='word_1_88' title='bbox 508 1120 766 1183; x_wconf 77' lang='lat' dir='ltr'>irrumpeS‚</span> <span class='ocrx_word' id='word_1_89' title='bbox 796 1116 884 1163; x_wconf 86' lang='lat' dir='ltr'>nisi</span> <span class='ocrx_word' id='word_1_90' title='bbox 904 1115 1029 1163; x_wconf 82' lang='lat' dir='ltr'>ferro</span> <span class='ocrx_word' id='word_1_91' title='bbox 1050 1115 1172 1162; x_wconf 86' lang='lat' dir='ltr'>viam</span> <span class='ocrx_word' id='word_1_92' title='bbox 1206 1115 1437 1164; x_wconf 84' lang='lat' dir='ltr'>violenter</span> <span class='ocrx_word' id='word_1_93' title='bbox 1465 1119 1664 1183; x_wconf 81' lang='lat' dir='ltr'>aperias.</span> <span class='ocrx_word' id='word_1_94' title='bbox 1706 1123 1762 1168; x_wconf 84' lang='lat' dir='ltr'>Et</span> 
     </span>
     <span class='ocr_line' id='line_1_13' title="bbox 329 1194 1768 1264; baseline 0.002 -21"><span class='ocrx_word' id='word_1_95' title='bbox 329 1222 348 1243; x_wconf 71' lang='lat' dir='ltr'>u</span> <span class='ocrx_word' id='word_1_96' title='bbox 380 1198 604 1264; x_wconf 85' lang='lat' dir='ltr'>quiajam</span> <span class='ocrx_word' id='word_1_97' title='bbox 631 1212 759 1243; x_wconf 90' lang='lat' dir='ltr'>nunc</span> <span class='ocrx_word' id='word_1_98' title='bbox 778 1211 852 1242; x_wconf 89' lang='lat' dir='ltr'>res</span> <span class='ocrx_word' id='word_1_99' title='bbox 877 1210 1086 1259; x_wconf 87' lang='lat' dir='ltr'>pugnam</span> <span class='ocrx_word' id='word_1_100' title='bbox 1113 1194 1296 1252; x_wconf 78' lang='lat' dir='ltr'><strong>suadet,</strong></span> <span class='ocrx_word' id='word_1_101' title='bbox 1326 1206 1623 1244; x_wconf 88' lang='lat' dir='ltr'>sacramento</span> <span class='ocrx_word' id='word_1_102' title='bbox 1649 1196 1768 1246; x_wconf 84' lang='lat' dir='ltr'>fides</span> 
     </span>
     <span class='ocr_line' id='line_1_14' title="bbox 329 1271 1765 1338; baseline 0.003 -18"><span class='ocrx_word' id='word_1_103' title='bbox 329 1301 347 1320; x_wconf 60' lang='grc' dir='ltr'>ι.</span> <span class='ocrx_word' id='word_1_104' title='bbox 382 1274 654 1324; x_wconf 83' lang='lat' dir='ltr'>adhibenda</span> <span class='ocrx_word' id='word_1_105' title='bbox 679 1283 771 1331; x_wconf 88' lang='lat' dir='ltr'>est,</span> <span class='ocrx_word' id='word_1_106' title='bbox 796 1282 864 1331; x_wconf 82' lang='lat' dir='ltr'>ut,</span> <span class='ocrx_word' id='word_1_107' title='bbox 889 1271 1029 1319; x_wconf 88' lang='lat' dir='ltr'>nobis</span> <span class='ocrx_word' id='word_1_108' title='bbox 1042 1271 1226 1335; x_wconf 87' lang='lat' dir='ltr'>juratis,</span> <span class='ocrx_word' id='word_1_109' title='bbox 1257 1288 1330 1318; x_wconf 87' lang='lat' dir='ltr'>res</span> <span class='ocrx_word' id='word_1_110' title='bbox 1350 1273 1397 1319; x_wconf 91' lang='lat' dir='ltr'>in</span> <span class='ocrx_word' id='word_1_111' title='bbox 1417 1272 1642 1338; x_wconf 87' lang='lat' dir='ltr'>ambiguo</span> <span class='ocrx_word' id='word_1_112' title='bbox 1665 1292 1765 1324; x_wconf 89' lang='lat' dir='ltr'>non</span> 
     </span>
     <span class='ocr_line' id='line_1_15' title="bbox 328 1349 1766 1417; baseline 0 -17"><span class='ocrx_word' id='word_1_113' title='bbox 328 1380 346 1400; x_wconf 60' lang='grc' dir='ltr'>α</span> <span class='ocrx_word' id='word_1_114' title='bbox 382 1357 454 1403; x_wconf 87' lang='lat' dir='ltr'>sit.</span> <span class='ocrx_word' id='word_1_115' title='bbox 481 1355 602 1402; x_wconf 88' lang='lat' dir='ltr'>Dein</span> <span class='ocrx_word' id='word_1_116' title='bbox 622 1353 787 1400; x_wconf 85' lang='lat' dir='ltr'>saltem</span> <span class='ocrx_word' id='word_1_117' title='bbox 806 1349 1149 1416; x_wconf 85' lang='lat' dir='ltr'>quinquaginta</span> <span class='ocrx_word' id='word_1_118' title='bbox 1168 1349 1371 1413; x_wconf 84' lang='lat' dir='ltr'>eligendi</span> <span class='ocrx_word' id='word_1_119' title='bbox 1390 1361 1524 1411; x_wconf 88' lang='lat' dir='ltr'>sunt,</span> <span class='ocrx_word' id='word_1_120' title='bbox 1553 1353 1636 1417; x_wconf 89' lang='lat' dir='ltr'>qui</span> <span class='ocrx_word' id='word_1_121' title='bbox 1663 1369 1766 1401; x_wconf 87' lang='lat' dir='ltr'>cer·</span> 
     </span>
     <span class='ocr_line' id='line_1_16' title="bbox 329 1427 1769 1494; baseline 0.002 -17"><span class='ocrx_word' id='word_1_122' title='bbox 329 1458 349 1478; x_wconf 63' lang='grc' dir='ltr'><em>α</em></span> <span class='ocrx_word' id='word_1_123' title='bbox 383 1434 558 1482; x_wconf 80' lang='lat' dir='ltr'>tissime</span> <span class='ocrx_word' id='word_1_124' title='bbox 586 1432 828 1479; x_wconf 82' lang='lat' dir='ltr'>tirannum</span> <span class='ocrx_word' id='word_1_125' title='bbox 860 1437 1112 1494; x_wconf 86' lang='lat' dir='ltr'>appetant,</span> <span class='ocrx_word' id='word_1_126' title='bbox 1153 1427 1345 1492; x_wconf 87' lang='lat' dir='ltr'>vimque</span> <span class='ocrx_word' id='word_1_127' title='bbox 1379 1429 1423 1475; x_wconf 89' lang='lat' dir='ltr'>ei</span> <span class='ocrx_word' id='word_1_128' title='bbox 1450 1428 1677 1491; x_wconf 84' lang='lat' dir='ltr'>inferant,</span> <span class='ocrx_word' id='word_1_129' title='bbox 1716 1442 1769 1480; x_wconf 90' lang='lat' dir='ltr'>ut</span> 
     </span>
     <span class='ocr_line' id='line_1_17' title="bbox 330 1505 1766 1572; baseline 0.002 -17"><span class='ocrx_word' id='word_1_130' title='bbox 330 1536 349 1555; x_wconf 70' lang='grc' dir='ltr'>α</span> <span class='ocrx_word' id='word_1_131' title='bbox 382 1529 493 1560; x_wconf 90' lang='lat' dir='ltr'>cum</span> <span class='ocrx_word' id='word_1_132' title='bbox 537 1509 649 1558; x_wconf 89' lang='lat' dir='ltr'>belli</span> <span class='ocrx_word' id='word_1_133' title='bbox 686 1507 910 1556; x_wconf 85' lang='lat' dir='ltr'>violentia</span> <span class='ocrx_word' id='word_1_134' title='bbox 942 1505 1071 1561; x_wconf 58' lang='lat' dir='ltr'>alios,</span> <span class='ocrx_word' id='word_1_135' title='bbox 1098 1505 1148 1552; x_wconf 91' lang='lat' dir='ltr'>in</span> <span class='ocrx_word' id='word_1_136' title='bbox 1179 1505 1296 1553; x_wconf 84' lang='lat' dir='ltr'>alios</span> <span class='ocrx_word' id='word_1_137' title='bbox 1329 1507 1655 1572; x_wconf 73' lang='lat' dir='ltr'>exagitaverit,</span> <span class='ocrx_word' id='word_1_138' title='bbox 1692 1510 1766 1558; x_wconf 86' lang='lat' dir='ltr'>isti</span> 
     </span>
     <span class='ocr_line' id='line_1_18' title="bbox 331 1584 1764 1653; baseline 0.003 -20"><span class='ocrx_word' id='word_1_139' title='bbox 331 1613 350 1635; x_wconf 84' lang='lat'>«</span> <span class='ocrx_word' id='word_1_140' title='bbox 385 1591 573 1638; x_wconf 85' lang='lat' dir='ltr'>tiranno</span> <span class='ocrx_word' id='word_1_141' title='bbox 607 1597 791 1635; x_wconf 84' lang='lat' dir='ltr'>tantum</span> <span class='ocrx_word' id='word_1_142' title='bbox 823 1584 1063 1643; x_wconf 87' lang='lat' dir='ltr'>laborent,</span> <span class='ocrx_word' id='word_1_143' title='bbox 1095 1584 1437 1650; x_wconf 86' lang='lat' dir='ltr'>inventumque</span> <span class='ocrx_word' id='word_1_144' title='bbox 1471 1586 1764 1653; x_wconf 76' lang='lat' dir='ltr'>transfigant.</span> 
     </span>
     <span class='ocr_line' id='line_1_19' title="bbox 333 1661 1774 1731; baseline 0.001 -18"><span class='ocrx_word' id='word_1_145' title='bbox 333 1692 354 1714; x_wconf 87' lang='lat'>«</span> <span class='ocrx_word' id='word_1_146' title='bbox 385 1666 513 1728; x_wconf 90' lang='lat' dir='ltr'>Quid</span> <span class='ocrx_word' id='word_1_147' title='bbox 532 1667 659 1714; x_wconf 86' lang='lat' dir='ltr'>enim</span> <span class='ocrx_word' id='word_1_148' title='bbox 679 1663 893 1731; x_wconf 85' lang='lat' dir='ltr'>proderit</span> <span class='ocrx_word' id='word_1_149' title='bbox 910 1679 1079 1710; x_wconf 90' lang='lat' dir='ltr'>omnes</span> <span class='ocrx_word' id='word_1_150' title='bbox 1096 1661 1295 1709; x_wconf 77' lang='lat' dir='ltr'>interfici</span> <span class='ocrx_word' id='word_1_151' title='bbox 1308 1699 1321 1722; x_wconf 92' lang='lat'>‚</span> <span class='ocrx_word' id='word_1_152' title='bbox 1344 1664 1646 1714; x_wconf 89' lang='lat' dir='ltr'>etmalorum</span> <span class='ocrx_word' id='word_1_153' title='bbox 1664 1682 1774 1715; x_wconf 87' lang='lat' dir='ltr'>cau-</span> 
     </span>
     <span class='ocr_line' id='line_1_20' title="bbox 335 1740 1769 1794; baseline 0.004 -5"><span class='ocrx_word' id='word_1_154' title='bbox 335 1768 356 1790; x_wconf 85' lang='lat'>«</span> <span class='ocrx_word' id='word_1_155' title='bbox 388 1762 489 1793; x_wconf 88' lang='lat' dir='ltr'>sam</span> <span class='ocrx_word' id='word_1_156' title='bbox 514 1742 814 1791; x_wconf 80' lang='lat' dir='ltr'>reservari?»</span> <span class='ocrx_word' id='word_1_157' title='bbox 845 1744 899 1788; x_wconf 86' lang='lat' dir='ltr'>Et</span> <span class='ocrx_word' id='word_1_158' title='bbox 925 1740 1117 1788; x_wconf 87' lang='lat' dir='ltr'>decreto</span> <span class='ocrx_word' id='word_1_159' title='bbox 1142 1742 1386 1788; x_wconf 88' lang='lat' dir='ltr'>communi</span> <span class='ocrx_word' id='word_1_160' title='bbox 1414 1742 1461 1789; x_wconf 89' lang='lat' dir='ltr'>in</span> <span class='ocrx_word' id='word_1_161' title='bbox 1492 1743 1769 1794; x_wconf 82' lang='lat' dir='ltr'>Rotbertum</span> 
     </span>
    </p>
   </div>
   <div class='ocr_carea' id='block_1_4' title="bbox 333 1824 1119 1943">
    <p class='ocr_par' dir='ltr' id='par_1_4' title="bbox 333 1824 1119 1943">
     <span class='ocr_line' id='line_1_21' title="bbox 333 1824 600 1887; baseline -0.015 -15"><span class='ocrx_word' id='word_1_162' title='bbox 333 1824 600 1887; x_wconf 84' lang='lat' dir='ltr'>conjurant.</span> 
     </span>
     <span class='ocr_line' id='line_1_22' title="bbox 992 1909 1119 1943; baseline 0 0"><span class='ocrx_word' id='word_1_163' title='bbox 992 1909 1119 1943; x_wconf 75' lang='lat' dir='ltr'>xmv.</span> 
     </span>
    </p>
   </div>
   <div class='ocr_carea' id='block_1_5' title="bbox 341 2008 1784 2543">
    <p class='ocr_par' dir='ltr' id='par_1_5' title="bbox 341 2008 1784 2543">
     <span class='ocr_line' id='line_1_23' title="bbox 404 2008 1773 2079; baseline 0 -19"><span class='ocrx_word' id='word_1_164' title='bbox 404 2015 515 2060; x_wconf 84' lang='lat' dir='ltr'>Mox</span> <span class='ocrx_word' id='word_1_165' title='bbox 539 2025 733 2076; x_wconf 86' lang='lat' dir='ltr'>quoque</span> <span class='ocrx_word' id='word_1_166' title='bbox 758 2018 804 2056; x_wconf 91' lang='lat' dir='ltr'>et</span> <span class='ocrx_word' id='word_1_167' title='bbox 829 2008 958 2072; x_wconf 87' lang='lat' dir='ltr'>regio</span> <span class='ocrx_word' id='word_1_168' title='bbox 982 2008 1116 2071; x_wconf 88' lang='lat' dir='ltr'>jussu</span> <span class='ocrx_word' id='word_1_169' title='bbox 1154 2009 1476 2058; x_wconf 85' lang='lat' dir='ltr'>accersiuntur</span> <span class='ocrx_word' id='word_1_170' title='bbox 1509 2028 1566 2059; x_wconf 85' lang='lat' dir='ltr'>ex</span> <span class='ocrx_word' id='word_1_171' title='bbox 1591 2012 1773 2079; x_wconf 79' lang='lat' dir='ltr'>Belgica</span> 
     </span>
     <span class='ocr_line' id='line_1_24' title="bbox 341 2085 1775 2159; baseline -0.001 -19"><span class='ocrx_word' id='word_1_172' title='bbox 341 2093 632 2159; x_wconf 88' lang='lat' dir='ltr'>quicumque</span> <span class='ocrx_word' id='word_1_173' title='bbox 649 2087 710 2136; x_wconf 88' lang='lat' dir='ltr'>ab</span> <span class='ocrx_word' id='word_1_174' title='bbox 736 2103 844 2151; x_wconf 86' lang='lat' dir='ltr'>rege</span> <span class='ocrx_word' id='word_1_175' title='bbox 862 2102 960 2133; x_wconf 90' lang='lat' dir='ltr'>non</span> <span class='ocrx_word' id='word_1_176' title='bbox 987 2085 1212 2133; x_wconf 81' lang='lat' dir='ltr'>defecisse</span> <span class='ocrx_word' id='word_1_177' title='bbox 1236 2086 1532 2136; x_wconf 88' lang='lat' dir='ltr'>videbantur.</span> <span class='ocrx_word' id='word_1_178' title='bbox 1556 2091 1775 2149; x_wconf 86' lang='lat' dir='ltr'>Quorum</span> 
     </span>
     <span class='ocr_line' id='line_1_25' title="bbox 344 2162 1779 2223; baseline -0.001 -3"><span class='ocrx_word' id='word_1_179' title='bbox 344 2170 654 2220; x_wconf 87' lang='lat' dir='ltr'>collectorum</span> <span class='ocrx_word' id='word_1_180' title='bbox 674 2180 918 2223; x_wconf 88' lang='lat' dir='ltr'>numerus,</span> <span class='ocrx_word' id='word_1_181' title='bbox 942 2172 993 2210; x_wconf 89' lang='lat' dir='ltr'>ut</span> <span class='ocrx_word' id='word_1_182' title='bbox 1008 2162 1170 2223; x_wconf 83' lang='lat' dir='ltr'>fertur,</span> <span class='ocrx_word' id='word_1_183' title='bbox 1197 2165 1273 2212; x_wconf 85' lang='lat' dir='ltr'>vix</span> <span class='ocrx_word' id='word_1_184' title='bbox 1298 2166 1347 2213; x_wconf 87' lang='lat' dir='ltr'>in</span> <span class='ocrx_word' id='word_1_185' title='bbox 1366 2165 1565 2214; x_wconf 83' lang='lat' dir='ltr'>decem&#39;</span> <span class='ocrx_word' id='word_1_186' title='bbox 1587 2168 1779 2219; x_wconf 84' lang='lat' dir='ltr'>milibus</span> 
     </span>
     <span class='ocr_line' id='line_1_26' title="bbox 345 2243 1780 2318; baseline -0.001 -20"><span class='ocrx_word' id='word_1_187' title='bbox 345 2248 615 2318; x_wconf 85' lang='lat' dir='ltr'>putabatur.</span> <span class='ocrx_word' id='word_1_188' title='bbox 633 2248 690 2292; x_wconf 86' lang='lat' dir='ltr'>Et</span> <span class='ocrx_word' id='word_1_189' title='bbox 704 2254 880 2302; x_wconf 87' lang='lat' dir='ltr'>tamen,</span> <span class='ocrx_word' id='word_1_190' title='bbox 903 2243 951 2289; x_wconf 88' lang='lat' dir='ltr'>in</span> <span class='ocrx_word' id='word_1_191' title='bbox 970 2252 1204 2306; x_wconf 89' lang='lat' dir='ltr'>quantum</span> <span class='ocrx_word' id='word_1_192' title='bbox 1218 2244 1418 2309; x_wconf 85' lang='lat' dir='ltr'>perspici</span> <span class='ocrx_word' id='word_1_193' title='bbox 1436 2244 1599 2306; x_wconf 84' lang='lat' dir='ltr'>valuit,</span> <span class='ocrx_word' id='word_1_194' title='bbox 1620 2247 1780 2297; x_wconf 83' lang='lat' dir='ltr'>nullus</span> 
     </span>
     <span class='ocr_line' id='line_1_27' title="bbox 350 2320 1777 2388; baseline 0.001 -14"><span class='ocrx_word' id='word_1_195' title='bbox 350 2327 524 2376; x_wconf 84' lang='lat' dir='ltr'>militiae</span> <span class='ocrx_word' id='word_1_196' title='bbox 535 2325 552 2349; x_wconf 83' lang='lat'>²</span> <span class='ocrx_word' id='word_1_197' title='bbox 575 2325 763 2388; x_wconf 88' lang='lat' dir='ltr'>ineptus</span> <span class='ocrx_word' id='word_1_198' title='bbox 780 2320 1013 2368; x_wconf 87' lang='lat' dir='ltr'>admissus</span> <span class='ocrx_word' id='word_1_199' title='bbox 1031 2330 1127 2367; x_wconf 88' lang='lat' dir='ltr'>est:</span> <span class='ocrx_word' id='word_1_200' title='bbox 1152 2338 1320 2369; x_wconf 89' lang='lat' dir='ltr'>omnes</span> <span class='ocrx_word' id='word_1_201' title='bbox 1337 2337 1539 2388; x_wconf 82' lang='lat' dir='ltr'>corpore</span> <span class='ocrx_word' id='word_1_202' title='bbox 1551 2324 1777 2387; x_wconf 84' lang='lat' dir='ltr'>valentes,</span> 
     </span>
     <span class='ocr_line' id='line_1_28' title="bbox 350 2401 1784 2465; baseline -0.001 -10"><span class='ocrx_word' id='word_1_203' title='bbox 350 2418 397 2455; x_wconf 86' lang='lat' dir='ltr'>et</span> <span class='ocrx_word' id='word_1_204' title='bbox 415 2421 515 2454; x_wconf 90' lang='lat' dir='ltr'>non</span> <span class='ocrx_word' id='word_1_205' title='bbox 538 2405 711 2451; x_wconf 79' lang='lat' dir='ltr'>inertes</span> <span class='ocrx_word' id='word_1_206' title='bbox 729 2416 926 2465; x_wconf 79' lang='lat' dir='ltr'>pugnae3</span> <span class='ocrx_word' id='word_1_207' title='bbox 949 2415 1116 2446; x_wconf 87' lang='lat' dir='ltr'>omnes</span> <span class='ocrx_word' id='word_1_208' title='bbox 1134 2417 1327 2465; x_wconf 89' lang='lat' dir='ltr'>quoque</span> <span class='ocrx_word' id='word_1_209' title='bbox 1346 2401 1392 2447; x_wconf 86' lang='lat' dir='ltr'>in</span> <span class='ocrx_word' id='word_1_210' title='bbox 1412 2401 1652 2452; x_wconf 88' lang='lat' dir='ltr'>tirannum</span> <span class='ocrx_word' id='word_1_211' title='bbox 1673 2421 1784 2453; x_wconf 89' lang='lat' dir='ltr'>una·</span> 
     </span>
     <span class='ocr_line' id='line_1_29' title="bbox 353 2478 1782 2543; baseline -0.002 -9"><span class='ocrx_word' id='word_1_212' title='bbox 353 2487 520 2534; x_wconf 82' lang='lat' dir='ltr'>nimes.</span> <span class='ocrx_word' id='word_1_213' title='bbox 551 2482 633 2529; x_wconf 79' lang='lat' dir='ltr'>nis</span> <span class='ocrx_word' id='word_1_214' title='bbox 656 2497 736 2526; x_wconf 83' lang='lat' dir='ltr'>rex</span> <span class='ocrx_word' id='word_1_215' title='bbox 763 2479 1126 2542; x_wconf 86' lang='lat' dir='ltr'>circumseptus,</span> <span class='ocrx_word' id='word_1_216' title='bbox 1149 2495 1234 2543; x_wconf 84' lang='lat' dir='ltr'>per</span> <span class='ocrx_word' id='word_1_217' title='bbox 1256 2478 1580 2529; x_wconf 87' lang='lat' dir='ltr'>Condrucium</span> <span class='ocrx_word' id='word_1_218' title='bbox 1605 2482 1782 2532; x_wconf 81' lang='lat' dir='ltr'>Hasha·</span> 
     </span>
    </p>
   </div>
   <div class='ocr_carea' id='block_1_6' title="bbox 400 2609 1092 2716">
    <p class='ocr_par' dir='ltr' id='par_1_6' title="bbox 400 2609 1092 2716">
     <span class='ocr_line' id='line_1_30' title="bbox 400 2609 865 2660; baseline -0.024 -10"><span class='ocrx_word' id='word_1_219' title='bbox 400 2617 409 2636; x_wconf 79' lang='lat'>¹</span> <span class='ocrx_word' id='word_1_220' title='bbox 445 2615 625 2660; x_wconf 77' lang='lat' dir='ltr'>Belgarum</span> <span class='ocrx_word' id='word_1_221' title='bbox 645 2616 819 2655; x_wconf 74' lang='lat' dir='ltr'>magnates</span> <span class='ocrx_word' id='word_1_222' title='bbox 836 2609 865 2640; x_wconf 84' lang='grc' dir='ltr'>Ι.</span> 
     </span>
     <span class='ocr_line' id='line_1_31' title="bbox 401 2662 1092 2716; baseline -0.017 -11"><span class='ocrx_word' id='word_1_223' title='bbox 401 2672 415 2691; x_wconf 77' lang='lat'>⁸</span> <span class='ocrx_word' id='word_1_224' title='bbox 443 2671 595 2716; x_wconf 72' lang='lat' dir='ltr'>quinque</span> <span class='ocrx_word' id='word_1_225' title='bbox 612 2678 695 2699; x_wconf 73' lang='lat' dir='ltr'>corr.</span> <span class='ocrx_word' id='word_1_226' title='bbox 716 2665 763 2697; x_wconf 72' lang='lat' dir='ltr'>V!</span> <span class='ocrx_word' id='word_1_227' title='bbox 779 2691 787 2704; x_wconf 91' lang='lat'><em>,</em></span> <span class='ocrx_word' id='word_1_228' title='bbox 805 2675 887 2696; x_wconf 80' lang='lat' dir='ltr'>corr.</span> <span class='ocrx_word' id='word_1_229' title='bbox 910 2662 937 2695; x_wconf 78' lang='grc' dir='ltr'><strong>Χ</strong></span> <span class='ocrx_word' id='word_1_230' title='bbox 950 2688 959 2702; x_wconf 87' lang='grc'>,</span> <span class='ocrx_word' id='word_1_231' title='bbox 979 2662 1092 2694; x_wconf 65' lang='lat' dir='ltr'>coda.</span> 
     </span>
    </p>
   </div>
   <div class='ocr_carea' id='block_1_7' title="bbox 402 2726 617 2772">
    <p class='ocr_par' dir='ltr' id='par_1_7' title="bbox 402 2726 617 2772">
     <span class='ocr_line' id='line_1_32' title="bbox 402 2726 617 2772; baseline -0.009 -13"><span class='ocrx_word' id='word_1_232' title='bbox 402 2727 416 2746; x_wconf 76' lang='lat'><strong>³</strong></span> <span class='ocrx_word' id='word_1_233' title='bbox 443 2738 566 2772; x_wconf 69' lang='lat' dir='ltr'>pugna*</span> <span class='ocrx_word' id='word_1_234' title='bbox 588 2726 617 2757; x_wconf 83' lang='grc' dir='ltr'>Ι.</span> 
     </span>
    </p>
   </div>
  </div>
 </body>
</html>
