1962 3262
291 232 342 271 94
805 230 1023 270 th2HER1
1058 230 1157 270 ΜΒ.
1190 230 1223 269 l.

289 322 431 376 atque
465 312 512 358 in
551 328 634 359 sua
665 312 956 360 concedunt.
1012 315 1103 360 Rex
1153 328 1264 360 vero
1297 312 1401 360 licet
1442 329 1631 362 merens
1666 315 1727 364 nd

289 390 377 437 alia
410 406 461 437 se
496 389 695 437 contulit
715 426 728 449 ‚
763 392 1021 437 exercitum
1053 391 1212 456 itaque
1237 391 1285 438 in
1321 392 1618 455 Aquitaniam
1647 391 1730 441 ad—

291 484 452 515 versus
493 467 594 531 ejus
634 468 898 533 principem
937 467 1214 516 Wilelmum
1258 479 1429 534 parat,
1491 486 1550 516 eo
1594 467 1729 535 quod

288 546 427 594 subdi
452 540 540 594 sibi
569 556 948 611 contempneret.
980 549 1039 593 Et
1058 555 1275 612 tempore
1305 557 1582 613 opportuno
1615 563 1727 597 cum

289 625 495 672 exercitu
527 641 670 690 super
713 624 913 687 Ligerim
953 622 1099 671 affuit.
1146 627 1202 671 At
1235 623 1483 672 Wilelmus
1522 623 1726 675 militum

286 702 474 768 copiam
508 718 605 748 non
641 701 850 766 patiens,
882 700 1104 750 obruenti
1131 718 1217 767 per
1249 701 1428 767 legatos
1460 703 1668 751 occurrit
1685 704 1696 729 '
1711 741 1721 751 .

285 779 473 845 illisque
504 780 648 826 fluvio
687 779 986 827 interfluente
1001 815 1014 839 ,
1044 780 1093 827 in
1127 779 1390 844 legatorum
1430 780 1727 830 suasionibus

284 857 385 906 dies
424 868 521 904 tota
567 867 853 923 consumpta
893 867 979 904 est.
1027 856 1239 905 Tandem
1278 858 1356 906 die
1394 859 1539 907 altera
1578 858 1723 908 fidem

283 937 521 1001 utrimque
552 936 704 1001 pacti,
741 952 769 983 a
800 951 851 983 se
881 934 1215 983 discesserunt.

281 1069 412 1103 xmx.
430 1088 479 1095 —
494 1068 706 1115 Congressus
718 1069 735 1089 ‘
757 1066 900 1103 Rodulfi
916 1069 932 1088 ⁸
956 1068 1045 1115 regis
1070 1080 1151 1102 cum
1173 1068 1292 1115 piratis
1305 1070 1323 1090 ⁶
1334 1095 1343 1111 ,
1370 1081 1562 1116 eorumque
1583 1069 1674 1105 fusio
1686 1071 1719 1105 ⁶.

348 1169 442 1214 Rex
474 1165 586 1213 inde
618 1182 854 1230 regressus
876 1201 889 1225 ,
936 1165 1064 1213 febre
1094 1176 1231 1213 acuta
1272 1165 1401 1231 apud
1442 1166 1611 1215 urbem
1642 1170 1723 1216 Se-

282 1248 505 1295 nonioem
526 1248 795 1313 corripitur.
826 1248 920 1305 Qui
947 1263 1059 1294 cum
1083 1246 1162 1294 die
1191 1247 1364 1294 cretica
1387 1247 1719 1310 convaluisset,

282 1326 325 1371 vi
354 1324 562 1372 recidiva
588 1342 748 1372 rursus
773 1325 1075 1391 opprimitur.
1104 1329 1169 1372 Ac
1187 1324 1250 1372 de
1273 1325 1423 1373 salute
1445 1325 1718 1392 desperans,

283 1405 454 1450 Remos
485 1403 547 1451 ad
568 1406 797 1451 Sanctum
830 1403 1092 1468 Remigium
1129 1419 1231 1451 sese
1266 1402 1437 1451 deferri
1469 1404 1591 1452 fecit.
1632 1407 1719 1454 Cui

280 1480 408 1528 dona
441 1481 645 1547 plurima
681 1480 899 1545 largituS,
941 1481 1100 1547 elapso
1143 1497 1307 1529 mense
1335 1481 1511 1530 utiliter
1544 1499 1719 1532 conva-

279 1558 393 1618 luit,
433 1559 698 1624 urbemque
729 1559 1060 1607 suessonicam
1091 1558 1181 1606 alia
1219 1569 1468 1606 curaturus
1505 1560 1712 1625 expetiit.

280 1640 369 1689 Ubi
401 1659 513 1689 cum
550 1641 678 1707 apud
715 1641 953 1707 principes
992 1657 1094 1688 rem
1137 1640 1374 1706 publicam
1419 1641 1711 1703 consuleret,

275 1720 413 1784 legati
449 1719 698 1779 adsistunt,
743 1719 826 1784 qui
861 1728 1050 1785 pyratas
1066 1718 1083 1742 ²
1125 1718 1220 1766 fide
1255 1719 1429 1766 violata
1467 1720 1716 1769 interiores

279 1797 588 1862 Burgundiae⁸
623 1808 780 1864 partes
812 1797 1036 1863 irrupisse
1066 1807 1307 1857 asserunt;
1339 1814 1715 1865 congressosque

272 1893 382 1923 cum
411 1878 624 1923 Manasse
660 1892 715 1923 ac
750 1877 964 1923 Varnero
999 1875 1277 1935 comitibus,
1307 1875 1537 1923 lozselmo
1569 1885 1714 1942 atque

275 1955 498 2019 Ansegiso
513 1954 765 2019 episcopis,
788 1953 910 2000 adeo
927 1952 1167 2012 defecisse,
1198 1963 1247 2000 ut
1272 1970 1443 2001 eorum
1461 1955 1558 2002 960
1581 1954 1711 2020 apud

273 2043 487 2080 montem
504 2032 699 2079 Calaum
719 2041 1059 2090 sternerentur,
1089 2031 1305 2079 nonnulli
1339 2031 1463 2098 capti
1491 2040 1709 2079 teneren-

272 2121 376 2169 tur;
399 2109 578 2175 reliqua
604 2126 719 2157 vero
747 2110 990 2157 minorum
1019 2126 1207 2169 manus,
1229 2109 1358 2175 lapsa
1376 2107 1596 2175 profugio
1619 2108 1705 2169 sit;

272 2191 531 2237 Warnerus
555 2205 671 2236 vero
697 2205 823 2254 equo
841 2188 1018 2248 occiso,
1046 2205 1144 2253 quo
1170 2198 1332 2236 vectus
1349 2186 1603 2247 ferebatur,
1624 2186 1708 2235 de-

269 2285 373 2316 cem
409 2267 683 2315 vulneribus
718 2268 958 2333 perfossus
994 2268 1236 2315 interierit.
1284 2267 1365 2314 nis
1399 2282 1480 2314 rex
1520 2275 1703 2327 motus,

269 2346 398 2393 diem
413 2345 609 2393 alteram
624 2346 671 2392 in
690 2344 902 2412 partibus
915 2344 1266 2393 deliberationis
1284 2354 1432 2392 totam
1450 2360 1706 2410 consump—

267 2426 340 2472 sit.
365 2427 423 2471 Et
447 2423 526 2472 die
550 2424 703 2482 tertia,
726 2423 881 2471 edicto
909 2413 1037 2487 reg'io
1063 2424 1240 2471 tirones
1258 2439 1314 2470 ex
1330 2421 1535 2469 citeriori
1553 2420 1703 2469 Gallia

269 2505 388 2550 intra
409 2502 509 2550 dies
533 2501 807 2567 quindecim
827 2501 1039 2569 collegit3
1057 2500 1376 2565 collectosque
1393 2517 1505 2548 cum
1521 2499 1701 2566 aliquot

315 2621 333 2637 ⁸·
358 2618 430 2659 Co,
450 2618 500 2658 R,
519 2630 549 2658 r,
569 2617 594 2651 f.
612 2630 652 2650 ex
668 2618 803 2663 conject.

317 2666 324 2683 “
354 2678 389 2698 ο.
408 2663 528 2698 (101οω
545 2673 658 2698 tamen
681 2666 710 2697 Ι.

312 2714 324 2731 ²
352 2721 579 2745 nortmannos
601 2714 629 2745 l.

313 2760 325 2778 ³
350 2760 530 2804 galliarum
556 2761 583 2792 l.
