1962 3262
351 261 431 302 176
851 258 1068 300 menum
1101 258 1199 300 un.
1232 257 1286 298 ll.

404 631 557 668 mv.
571 650 623 660 —
636 631 711 667 Rex
727 644 748 667 a
763 631 833 667 mi·
850 630 1052 667 flodoinum
1068 634 1268 676 nocer-nitur,
1285 645 1326 668 nc
1340 644 1423 668 cum
1438 632 1559 680 piratis
1574 631 1731 670 &nie-t.

415 738 509 798 Qui
536 747 695 786 autem
720 737 841 802 regis
867 747 1023 804 partes
1050 736 1326 797 tuebantur,
1359 754 1445 804 per
1468 737 1644 802 legatos
1667 754 1779 786 eum

279 854 289 862 .
350 816 629 864 accersitum
648 851 661 874 ,
697 814 902 863 Rodomi
922 814 1146 862 decenter
1166 815 1444 881 stmcipiunt.
1481 815 1571 863 Ubi
1593 831 1707 864 cum
1734 815 1779 865 ei

352 895 619 952 referretur,
642 910 801 958 regem
819 893 1079 959 piratarum
1094 892 1279 941 Settich
1294 910 1406 942 cum
1421 893 1569 942 classe
1585 893 1780 959 copiosa

352 972 551 1020 fluvium
568 973 837 1037 Sequanam
854 971 1118 1036 ingressum
1129 1007 1143 1031 ‚
1167 988 1224 1019 ac
1240 971 1344 1035 ejus
1358 970 1533 1020 ducem
1546 970 1780 1020 ’1111111110-

352 1050 470 1098 dum
519 1058 865 1114 consequenter
909 1048 1154 1096 navalibus
1203 1048 1353 1115 copiis
1403 1047 1676 1110 advenime,
1726 1058 1779 1097 ut

349 1127 529 1194 absque
560 1127 683 1192 regis
710 1127 844 1176 dono
871 1127 1035 1175 omnia
1066 1126 1328 1193 pervadant
1343 1162 1357 1186 ,
1393 1136 1536 1192 atque
1568 1126 1777 1176 defuncti

351 1205 486 1254 ducis
515 1203 666 1253 filium
695 1204 757 1252 ad
780 1204 1048 1253 idolatriam
1081 1203 1310 1251 suadeant
1323 1239 1336 1264 ,
1369 1203 1608 1270 ritumque
1633 1200 1780 1270 genti·

352 1283 446 1331 lem
476 1283 730 1343 inducant,
771 1299 852 1330 rex
883 1282 1044 1349 copias
1067 1280 1196 1329 unde
1218 1281 1552 1346 congrediatur
1579 1280 1772 1348 colligit.

351 1363 600 1426 Deumque
643 1361 1009 1427 propitiaturum
1058 1357 1266 1406 confisus
1283 1395 1296 1417 ,
1346 1358 1629 1425 alienigenis
1663 1375 1775 1409 cum

351 1439 447 1487 800
481 1438 700 1485 occurrit.
751 1440 809 1484 Et
839 1438 950 1501 quia
991 1453 1102 1484 cum
1140 1437 1302 1503 paucis
1330 1447 1461 1495 erat,
1483 1490 1492 1500 ,
1513 1436 1579 1486 ad
1615 1435 1777 1489 hostes

350 1515 709 1563 concludendos
726 1515 849 1562 acies
867 1515 915 1562 in
934 1515 1119 1563 diversa
1135 1515 1389 1581 disponere
1416 1514 1643 1580 nequivit.
1671 1515 1777 1562 Suis

348 1593 506 1657 itaque
530 1592 751 1658 stipatus,
780 1593 946 1640 erectis
963 1593 1107 1657 signis
1132 1609 1188 1640 ac
1215 1591 1413 1640 densato
1430 1592 1647 1656 agmine,
1667 1607 1776 1658 pro-

347 1670 488 1718 cedit.
528 1670 737 1719 Gentiles
778 1686 971 1736 quoque
1015 1669 1184 1718 ordine
1224 1669 1431 1735 pedestri
1471 1668 1768 1735 incedebant.

347 1748 833 1813 Propinquantesque,
849 1747 1003 1815 patrio
1018 1764 1170 1805 more,
1185 1749 1233 1795 in
1249 1747 1405 1814 primo
1418 1746 1622 1796 tumultu
1638 1763 1775 1802 enses

339 1825 547 1888 jaciunt,
568 1841 775 1890 quorum
800 1824 1030 1873 densitate
1053 1826 1234 1890 equites
1253 1826 1450 1873 territos·
1464 1842 1520 1873 ac
1542 1825 1774 1891 sauciatos

347 1903 461 1963 rati,
493 1918 605 1950 cum
631 1901 794 1969 clipeis
810 1912 858 1950 et
886 1902 988 1968 telis
1016 1913 1344 1968 prosecuntur.
1379 1907 1434 1951 At
1464 1902 1619 1968 regius
1641 1901 1772 1969 equi-

345 1991 494 2040 tatus,
512 1980 697 2028 ensium
713 1979 841 2028 nube
871 1978 1074 2045 dilapsa,
1104 1979 1365 2045 clipeorum
1391 1979 1659 2044 objectione
1682 1982 1771 2030 tuti

344 2057 394 2104 in
415 2056 599 2122 pedites
624 2056 855 2115 seruntur,
883 2073 939 2104 ac
953 2057 1139 2104 densati
1158 2058 1167 2080 ¹
1202 2058 1325 2106 acies
1347 2057 1605 2107 sternendo
1626 2067 1769 2124 atque

344 2134 663 2183 interimendo
696 2134 882 2194 indivisi
918 2145 1167 2200 penetrant
1201 2136 1602 2202 egrediunturque
1618 2172 1632 2196 ,
1666 2152 1770 2184 rur-

343 2229 517 2278 susque
536 2212 731 2276 regressi
755 2222 1027 2278 penetrant,
1055 2229 1110 2259 ac
1124 2212 1441 2279 disrumpunt.
1464 2216 1636 2278 Regem
1652 2229 1769 2279 qno-

342 2307 436 2356 que
468 2289 649 2338 Seu-ich
682 2306 791 2337 cum
825 2288 1046 2336 violentia
1075 2289 1185 2337 belli
1211 2291 1259 2337 in
1288 2290 1444 2356 sugam
1471 2291 1767 2359 cogeret,'in

341 2365 538 2414 dumeto
580 2382 693 2415 mox
737 2360 980 2433 repertus,
1030 2366 1178 2415 tribus
1217 2367 1391 2417 lanceis
1431 2385 1460 2416 a
1501 2367 1767 2435 palantibus

342 2442 592 2492 transfixus
627 2454 712 2491 est.
752 2444 1054 2491 Thur-modus
1078 2462 1193 2492 vero
1217 2461 1327 2492 cum
1351 2444 1550 2493 adhuc'
1538 2461 1586 2494 tn
1618 2457 1766 2495 cer-ta·

343 2523 471 2572 mine
494 2522 604 2571 totis
636 2521 813 2570 viribus
845 2532 1081 2586 ageretur,
1120 2522 1183 2570 ab
1205 2521 1447 2570 Ludovico
1478 2524 1590 2589 equi
1619 2524 1766 2591 impe-

339 2601 481 2648 tentis
520 2610 712 2666 pectore
747 2610 815 2650 est
851 2600 1074 2664 dejectus.
1121 2603 1275 2659 Quem
1317 2617 1426 2649 cum
1461 2617 1541 2650 rex
1583 2596 1760 2668 inipetu

443 2744 672 2790 0118011111.
