<?xml version="1.0" encoding="UTF-8"?>
<!DOCTYPE html PUBLIC "-//W3C//DTD XHTML 1.0 Transitional//EN"
    "http://www.w3.org/TR/xhtml1/DTD/xhtml1-transitional.dtd">
<html xmlns="http://www.w3.org/1999/xhtml" xml:lang="en" lang="en">
 <head>
  <title>
</title>
<meta http-equiv="Content-Type" content="text/html;charset=utf-8" />
  <meta name='ocr-system' content='tesseract 3.04.00' />
  <meta name='ocr-capabilities' content='ocr_page ocr_carea ocr_par ocr_line ocrx_word'/>
</head>
<body>
  <div class='ocr_page' id='page_1' title='image "./richerhistoirede00richuoft_0314.png"; bbox 0 0 1962 3262; ppageno 0'>
   <div class='ocr_carea' id='block_1_1' title="bbox 348 236 1614 416">
    <p class='ocr_par' dir='ltr' id='par_1_1' title="bbox 348 236 1614 416">
     <span class='ocr_line' id='line_1_1' title="bbox 348 236 1279 279; baseline 0 -3"><span class='ocrx_word' id='word_1_1' title='bbox 348 237 421 277; x_wconf 73' lang='lat'>194</span> <span class='ocrx_word' id='word_1_2' title='bbox 837 236 1055 278; x_wconf 75' lang='lat' dir='ltr'>RlCHERl</span> <span class='ocrx_word' id='word_1_3' title='bbox 1088 237 1187 279; x_wconf 79' lang='lat' dir='ltr'>LlB.</span> <span class='ocrx_word' id='word_1_4' title='bbox 1225 238 1279 276; x_wconf 86' lang='grc' dir='ltr'>ΙΙ.</span> 
     </span>
     <span class='ocr_line' id='line_1_2' title="bbox 509 360 1614 416; baseline 0.002 -19"><span class='ocrx_word' id='word_1_5' title='bbox 509 360 639 397; x_wconf 79' lang='lat' dir='ltr'>XLVI.</span> <span class='ocrx_word' id='word_1_6' title='bbox 652 381 701 389; x_wconf 88' lang='lat'>—</span> <span class='ocrx_word' id='word_1_7' title='bbox 711 361 838 398; x_wconf 74' lang='lat' dir='ltr'>Obitus</span> <span class='ocrx_word' id='word_1_8' title='bbox 852 362 1072 399; x_wconf 67' lang='lat' dir='ltr'>&#39;rhemnonis</span> <span class='ocrx_word' id='word_1_9' title='bbox 1086 366 1102 385; x_wconf 72' lang='lat'><em>⁶</em></span> <span class='ocrx_word' id='word_1_10' title='bbox 1120 363 1381 400; x_wconf 64' lang='lat' dir='ltr'>Tun-ommium</span> <span class='ocrx_word' id='word_1_11' title='bbox 1399 366 1417 388; x_wconf 75' lang='lat'>⁸</span> <span class='ocrx_word' id='word_1_12' title='bbox 1445 366 1614 416; x_wconf 74' lang='lat' dir='ltr'>episcopi.</span> 
     </span>
    </p>
   </div>
   <div class='ocr_carea' id='block_1_2' title="bbox 330 466 1781 1626">
    <p class='ocr_par' dir='ltr' id='par_1_2' title="bbox 330 466 1781 1626">
     <span class='ocr_line' id='line_1_3' title="bbox 406 466 1781 533; baseline 0.002 -18"><span class='ocrx_word' id='word_1_13' title='bbox 406 470 516 526; x_wconf 91' lang='lat' dir='ltr'>Quo</span> <span class='ocrx_word' id='word_1_14' title='bbox 537 476 753 533; x_wconf 88' lang='lat' dir='ltr'>tempore</span> <span class='ocrx_word' id='word_1_15' title='bbox 765 503 778 528; x_wconf 97' lang='lat'>,</span> <span class='ocrx_word' id='word_1_16' title='bbox 797 483 909 515; x_wconf 88' lang='lat' dir='ltr'>cum</span> <span class='ocrx_word' id='word_1_17' title='bbox 934 466 1082 515; x_wconf 82' lang='lat' dir='ltr'>beatae</span> <span class='ocrx_word' id='word_1_18' title='bbox 1100 468 1342 516; x_wconf 83' lang='lat' dir='ltr'>memoriae</span> <span class='ocrx_word' id='word_1_19' title='bbox 1364 467 1582 517; x_wconf 86' lang='lat' dir='ltr'>Theotilo</span> <span class='ocrx_word' id='word_1_20' title='bbox 1596 504 1611 529; x_wconf 94' lang='lat'>,</span> <span class='ocrx_word' id='word_1_21' title='bbox 1630 470 1781 519; x_wconf 85' lang='lat' dir='ltr'>Turo-</span> 
     </span>
     <span class='ocr_line' id='line_1_4' title="bbox 341 544 1781 615; baseline 0.003 -23"><span class='ocrx_word' id='word_1_22' title='bbox 341 545 457 593; x_wconf 77' lang='lat' dir='ltr'>nicae</span> <span class='ocrx_word' id='word_1_23' title='bbox 474 544 607 593; x_wconf 89' lang='lat' dir='ltr'>urbis</span> <span class='ocrx_word' id='word_1_24' title='bbox 626 544 795 611; x_wconf 58' lang='lat' dir='ltr'>praesul</span> <span class='ocrx_word' id='word_1_25' title='bbox 809 581 822 604; x_wconf 95' lang='lat'>,</span> <span class='ocrx_word' id='word_1_26' title='bbox 851 544 913 593; x_wconf 91' lang='lat' dir='ltr'>de</span> <span class='ocrx_word' id='word_1_27' title='bbox 942 544 1220 593; x_wconf 79' lang='lat' dir='ltr'>renovanda</span> <span class='ocrx_word' id='word_1_28' title='bbox 1254 546 1378 594; x_wconf 90' lang='lat' dir='ltr'>inter</span> <span class='ocrx_word' id='word_1_29' title='bbox 1400 546 1641 613; x_wconf 79' lang='lat' dir='ltr'>principes</span> <span class='ocrx_word' id='word_1_30' title='bbox 1662 563 1781 615; x_wconf 74' lang='lat' dir='ltr'>pace</span> 
     </span>
     <span class='ocr_line' id='line_1_5' title="bbox 340 622 1779 689; baseline 0.002 -18"><span class='ocrx_word' id='word_1_31' title='bbox 340 622 753 672; x_wconf 87' lang='lat' dir='ltr'>vehementissime</span> <span class='ocrx_word' id='word_1_32' title='bbox 788 633 1015 683; x_wconf 77' lang='lat' dir='ltr'>certaret,</span> <span class='ocrx_word' id='word_1_33' title='bbox 1055 632 1198 689; x_wconf 83' lang='lat' dir='ltr'>atque</span> <span class='ocrx_word' id='word_1_34' title='bbox 1230 623 1305 672; x_wconf 90' lang='lat' dir='ltr'>his</span> <span class='ocrx_word' id='word_1_35' title='bbox 1339 624 1605 673; x_wconf 79' lang='lat' dir='ltr'>admodum</span> <span class='ocrx_word' id='word_1_36' title='bbox 1634 641 1779 675; x_wconf 89' lang='lat' dir='ltr'>occu-</span> 
     </span>
     <span class='ocr_line' id='line_1_6' title="bbox 339 701 1777 769; baseline 0.002 -19"><span class='ocrx_word' id='word_1_37' title='bbox 339 712 477 768; x_wconf 89' lang='lat' dir='ltr'>patus</span> <span class='ocrx_word' id='word_1_38' title='bbox 514 701 699 762; x_wconf 73' lang='lat' dir='ltr'>studiiS,</span> <span class='ocrx_word' id='word_1_39' title='bbox 738 701 973 749; x_wconf 84' lang='lat' dir='ltr'>Lauduno</span> <span class='ocrx_word' id='word_1_40' title='bbox 1003 701 1285 763; x_wconf 86' lang='lat' dir='ltr'>discederet,</span> <span class='ocrx_word' id='word_1_41' title='bbox 1319 703 1700 769; x_wconf 78' lang='lat' dir='ltr'><strong>peripleumonia</strong></span> <span class='ocrx_word' id='word_1_42' title='bbox 1728 704 1777 753; x_wconf 88' lang='lat' dir='ltr'>in</span> 
     </span>
     <span class='ocr_line' id='line_1_7' title="bbox 339 780 1777 847; baseline 0.001 -19"><span class='ocrx_word' id='word_1_43' title='bbox 339 781 443 847; x_wconf 87' lang='lat' dir='ltr'>ipso</span> <span class='ocrx_word' id='word_1_44' title='bbox 462 780 631 828; x_wconf 88' lang='lat' dir='ltr'>itinere</span> <span class='ocrx_word' id='word_1_45' title='bbox 648 780 919 845; x_wconf 88' lang='lat' dir='ltr'>corripitur.</span> <span class='ocrx_word' id='word_1_46' title='bbox 948 782 1067 838; x_wconf 79' lang='lat' dir='ltr'>Quae</span> <span class='ocrx_word' id='word_1_47' title='bbox 1081 796 1194 828; x_wconf 88' lang='lat' dir='ltr'>cum</span> <span class='ocrx_word' id='word_1_48' title='bbox 1209 780 1520 847; x_wconf 84' lang='lat' dir='ltr'>pulmonibus</span> <span class='ocrx_word' id='word_1_49' title='bbox 1538 790 1777 830; x_wconf 79' lang='lat' dir='ltr'>tumorem</span> 
     </span>
     <span class='ocr_line' id='line_1_8' title="bbox 336 857 1777 924; baseline 0.001 -17"><span class='ocrx_word' id='word_1_50' title='bbox 336 875 392 907; x_wconf 83' lang='lat' dir='ltr'>ac</span> <span class='ocrx_word' id='word_1_51' title='bbox 420 858 654 907; x_wconf 87' lang='lat' dir='ltr'>servorem</span> <span class='ocrx_word' id='word_1_52' title='bbox 679 858 930 917; x_wconf 78' lang='lat' dir='ltr'>incuteret,</span> <span class='ocrx_word' id='word_1_53' title='bbox 950 857 1030 906; x_wconf 91' lang='lat' dir='ltr'>die</span> <span class='ocrx_word' id='word_1_54' title='bbox 1053 868 1222 924; x_wconf 84' lang='lat' dir='ltr'>quarta</span> <span class='ocrx_word' id='word_1_55' title='bbox 1238 859 1339 907; x_wconf 88' lang='lat' dir='ltr'>nati</span> <span class='ocrx_word' id='word_1_56' title='bbox 1355 858 1540 920; x_wconf 82' lang='lat' dir='ltr'>morbi,</span> <span class='ocrx_word' id='word_1_57' title='bbox 1567 859 1659 908; x_wconf 84' lang='lat' dir='ltr'>hac</span> <span class='ocrx_word' id='word_1_58' title='bbox 1683 859 1777 908; x_wconf 75' lang='lat' dir='ltr'>vita</span> 
     </span>
     <span class='ocr_line' id='line_1_9' title="bbox 336 935 1777 1004; baseline 0.002 -21"><span class='ocrx_word' id='word_1_59' title='bbox 336 937 568 1003; x_wconf 82' lang='lat' dir='ltr'>migravit.</span> <span class='ocrx_word' id='word_1_60' title='bbox 607 939 826 1001; x_wconf 87' lang='lat' dir='ltr'>Cumque</span> <span class='ocrx_word' id='word_1_61' title='bbox 850 935 1010 984; x_wconf 86' lang='lat' dir='ltr'>adhuc</span> <span class='ocrx_word' id='word_1_62' title='bbox 1038 936 1088 984; x_wconf 88' lang='lat' dir='ltr'>in</span> <span class='ocrx_word' id='word_1_63' title='bbox 1120 936 1275 985; x_wconf 88' lang='lat' dir='ltr'>noctis</span> <span class='ocrx_word' id='word_1_64' title='bbox 1302 947 1532 1004; x_wconf 77' lang='lat' dir='ltr'>tempesta</span> <span class='ocrx_word' id='word_1_65' title='bbox 1557 937 1777 1004; x_wconf 88' lang='lat' dir='ltr'>spiritum</span> 
     </span>
     <span class='ocr_line' id='line_1_10' title="bbox 333 1013 1772 1080; baseline 0.001 -17"><span class='ocrx_word' id='word_1_66' title='bbox 333 1015 531 1075; x_wconf 79' lang='lat' dir='ltr'>efflaret,</span> <span class='ocrx_word' id='word_1_67' title='bbox 553 1031 667 1062; x_wconf 77' lang='lat' dir='ltr'>mox</span> <span class='ocrx_word' id='word_1_68' title='bbox 685 1014 878 1062; x_wconf 87' lang='lat' dir='ltr'>luminis</span> <span class='ocrx_word' id='word_1_69' title='bbox 896 1013 1066 1079; x_wconf 84' lang='lat' dir='ltr'>globus</span> <span class='ocrx_word' id='word_1_70' title='bbox 1080 1029 1167 1080; x_wconf 87' lang='lat' dir='ltr'>per</span> <span class='ocrx_word' id='word_1_71' title='bbox 1181 1030 1291 1062; x_wconf 85' lang='lat' dir='ltr'>aera</span> <span class='ocrx_word' id='word_1_72' title='bbox 1306 1024 1359 1062; x_wconf 91' lang='lat' dir='ltr'>ut</span> <span class='ocrx_word' id='word_1_73' title='bbox 1382 1014 1531 1064; x_wconf 83' lang='lat' dir='ltr'>fertur</span> <span class='ocrx_word' id='word_1_74' title='bbox 1544 1016 1772 1076; x_wconf 78' lang='lat' dir='ltr'>emicans,</span> 
     </span>
     <span class='ocr_line' id='line_1_11' title="bbox 333 1091 1778 1161; baseline 0.003 -21"><span class='ocrx_word' id='word_1_75' title='bbox 333 1092 638 1159; x_wconf 84' lang='lat' dir='ltr'>vigilantibus</span> <span class='ocrx_word' id='word_1_76' title='bbox 654 1093 783 1139; x_wconf 85' lang='lat' dir='ltr'>visus</span> <span class='ocrx_word' id='word_1_77' title='bbox 800 1101 888 1140; x_wconf 88' lang='lat' dir='ltr'>est.</span> <span class='ocrx_word' id='word_1_78' title='bbox 910 1091 1057 1156; x_wconf 87' lang='lat' dir='ltr'>Cujus</span> <span class='ocrx_word' id='word_1_79' title='bbox 1081 1091 1263 1140; x_wconf 89' lang='lat' dir='ltr'>lumine</span> <span class='ocrx_word' id='word_1_80' title='bbox 1280 1091 1344 1140; x_wconf 86' lang='lat' dir='ltr'>ad</span> <span class='ocrx_word' id='word_1_81' title='bbox 1359 1093 1515 1141; x_wconf 85' lang='lat' dir='ltr'>noctis</span> <span class='ocrx_word' id='word_1_82' title='bbox 1538 1092 1778 1161; x_wconf 78' lang='lat' dir='ltr'>depellen-</span> 
     </span>
     <span class='ocr_line' id='line_1_12' title="bbox 332 1169 1776 1237; baseline 0 -17"><span class='ocrx_word' id='word_1_83' title='bbox 332 1171 419 1220; x_wconf 85' lang='lat' dir='ltr'>das</span> <span class='ocrx_word' id='word_1_84' title='bbox 433 1171 658 1237; x_wconf 70' lang='lat' dir='ltr'>caligines</span> <span class='ocrx_word' id='word_1_85' title='bbox 686 1169 975 1218; x_wconf 85' lang='lat' dir='ltr'>sufficienter</span> <span class='ocrx_word' id='word_1_86' title='bbox 996 1170 1086 1230; x_wconf 88' lang='lat' dir='ltr'>usi,</span> <span class='ocrx_word' id='word_1_87' title='bbox 1116 1170 1199 1235; x_wconf 90' lang='lat' dir='ltr'>qui</span> <span class='ocrx_word' id='word_1_88' title='bbox 1229 1170 1332 1234; x_wconf 86' lang='lat' dir='ltr'>ejus</span> <span class='ocrx_word' id='word_1_89' title='bbox 1356 1186 1532 1237; x_wconf 81' lang='lat' dir='ltr'>corpus</span> <span class='ocrx_word' id='word_1_90' title='bbox 1557 1170 1776 1220; x_wconf 71' lang='lat' dir='ltr'>exanime</span> 
     </span>
     <span class='ocr_line' id='line_1_13' title="bbox 331 1247 1775 1315; baseline -0.001 -17"><span class='ocrx_word' id='word_1_91' title='bbox 331 1248 626 1309; x_wconf 76' lang='lat' dir='ltr'>deferebant,</span> <span class='ocrx_word' id='word_1_92' title='bbox 648 1264 735 1315; x_wconf 90' lang='lat' dir='ltr'>per</span> <span class='ocrx_word' id='word_1_93' title='bbox 751 1258 945 1297; x_wconf 89' lang='lat' dir='ltr'>centum</span> <span class='ocrx_word' id='word_1_94' title='bbox 964 1257 1011 1296; x_wconf 90' lang='lat' dir='ltr'>et</span> <span class='ocrx_word' id='word_1_95' title='bbox 1032 1247 1377 1314; x_wconf 85' lang='lat' dir='ltr'>quinquaginta</span> <span class='ocrx_word' id='word_1_96' title='bbox 1398 1247 1599 1297; x_wconf 77' lang='lat' dir='ltr'>miliaria</span> <span class='ocrx_word' id='word_1_97' title='bbox 1621 1264 1775 1315; x_wconf 84' lang='lat' dir='ltr'>usque</span> 
     </span>
     <span class='ocr_line' id='line_1_14' title="bbox 334 1324 1773 1395; baseline 0 -19"><span class='ocrx_word' id='word_1_98' title='bbox 334 1327 502 1376; x_wconf 88' lang='lat' dir='ltr'>urbem</span> <span class='ocrx_word' id='word_1_99' title='bbox 536 1326 823 1374; x_wconf 81' lang='lat' dir='ltr'>Turonicam</span> <span class='ocrx_word' id='word_1_100' title='bbox 864 1325 1007 1390; x_wconf 88' lang='lat' dir='ltr'>hujus</span> <span class='ocrx_word' id='word_1_101' title='bbox 1039 1324 1160 1374; x_wconf 87' lang='lat' dir='ltr'>lucis</span> <span class='ocrx_word' id='word_1_102' title='bbox 1187 1326 1450 1388; x_wconf 84' lang='lat' dir='ltr'>solamine,</span> <span class='ocrx_word' id='word_1_103' title='bbox 1480 1343 1658 1395; x_wconf 84' lang='lat' dir='ltr'>corpus</span> <span class='ocrx_word' id='word_1_104' title='bbox 1681 1324 1773 1376; x_wconf 70' lang='lat' dir='ltr'>ben</span> 
     </span>
     <span class='ocr_line' id='line_1_15' title="bbox 333 1402 1771 1467; baseline 0 -13"><span class='ocrx_word' id='word_1_105' title='bbox 333 1407 567 1454; x_wconf 84' lang='lat' dir='ltr'>tissimum</span> <span class='ocrx_word' id='word_1_106' title='bbox 600 1403 869 1465; x_wconf 83' lang='lat' dir='ltr'>detulere,</span> <span class='ocrx_word' id='word_1_107' title='bbox 857 1420 907 1452; x_wconf 87' lang='lat' dir='ltr'>m</span> <span class='ocrx_word' id='word_1_108' title='bbox 939 1402 1132 1452; x_wconf 85' lang='lat' dir='ltr'>basilica</span> <span class='ocrx_word' id='word_1_109' title='bbox 1155 1404 1307 1452; x_wconf 86' lang='lat' dir='ltr'>sancti</span> <span class='ocrx_word' id='word_1_110' title='bbox 1337 1403 1511 1454; x_wconf 84' lang='lat' dir='ltr'>Juliani</span> <span class='ocrx_word' id='word_1_111' title='bbox 1537 1404 1771 1467; x_wconf 81' lang='lat' dir='ltr'>martiris,</span> 
     </span>
     <span class='ocr_line' id='line_1_16' title="bbox 330 1482 1771 1550; baseline 0.001 -18"><span class='ocrx_word' id='word_1_112' title='bbox 330 1483 464 1550; x_wconf 83' lang='lat' dir='ltr'>quod</span> <span class='ocrx_word' id='word_1_113' title='bbox 501 1483 630 1532; x_wconf 91' lang='lat' dir='ltr'>idem</span> <span class='ocrx_word' id='word_1_114' title='bbox 661 1483 734 1530; x_wconf 88' lang='lat' dir='ltr'>vir</span> <span class='ocrx_word' id='word_1_115' title='bbox 767 1492 959 1530; x_wconf 85' lang='lat' dir='ltr'>sanctus</span> <span class='ocrx_word' id='word_1_116' title='bbox 993 1498 1181 1531; x_wconf 86' lang='lat' dir='ltr'>summa</span> <span class='ocrx_word' id='word_1_117' title='bbox 1207 1483 1493 1532; x_wconf 80' lang='lat' dir='ltr'>instruxerat</span> <span class='ocrx_word' id='word_1_118' title='bbox 1524 1482 1771 1550; x_wconf 78' lang='lat' dir='ltr'>religione,</span> 
     </span>
     <span class='ocr_line' id='line_1_17' title="bbox 332 1559 1107 1626; baseline -0.003 -16"><span class='ocrx_word' id='word_1_119' title='bbox 332 1561 480 1610; x_wconf 85' lang='lat' dir='ltr'>multa</span> <span class='ocrx_word' id='word_1_120' title='bbox 507 1560 771 1610; x_wconf 88' lang='lat' dir='ltr'>reverentia</span> <span class='ocrx_word' id='word_1_121' title='bbox 793 1559 1107 1626; x_wconf 89' lang='lat' dir='ltr'>deponentes.</span> 
     </span>
    </p>
   </div>
   <div class='ocr_carea' id='block_1_3' title="bbox 620 1704 1485 1753">
    <p class='ocr_par' dir='ltr' id='par_1_3' title="bbox 620 1704 1485 1753">
     <span class='ocr_line' id='line_1_18' title="bbox 620 1704 1485 1753; baseline -0.002 -12"><span class='ocrx_word' id='word_1_122' title='bbox 620 1706 772 1741; x_wconf 78' lang='lat' dir='ltr'>XLVII.</span> <span class='ocrx_word' id='word_1_123' title='bbox 792 1724 842 1733; x_wconf 90' lang='lat'><em>—</em></span> <span class='ocrx_word' id='word_1_124' title='bbox 855 1705 982 1753; x_wconf 78' lang='lat' dir='ltr'>Captio</span> <span class='ocrx_word' id='word_1_125' title='bbox 997 1705 1139 1752; x_wconf 58' lang='lat' dir='ltr'>regis„</span> <span class='ocrx_word' id='word_1_126' title='bbox 1155 1717 1176 1740; x_wconf 81' lang='lat' dir='ltr'>a</span> <span class='ocrx_word' id='word_1_127' title='bbox 1191 1704 1420 1740; x_wconf 69' lang='lat' dir='ltr'>Nonmmnis</span> <span class='ocrx_word' id='word_1_128' title='bbox 1430 1705 1485 1738; x_wconf 73' lang='lat'>’⁶-</span> 
     </span>
    </p>
   </div>
   <div class='ocr_carea' id='block_1_4' title="bbox 326 1813 1773 2587">
    <p class='ocr_par' dir='ltr' id='par_1_4' title="bbox 326 1813 1773 2587">
     <span class='ocr_line' id='line_1_19' title="bbox 393 1813 1771 1882; baseline -0.002 -18"><span class='ocrx_word' id='word_1_129' title='bbox 393 1819 504 1875; x_wconf 89' lang='lat' dir='ltr'>Quo</span> <span class='ocrx_word' id='word_1_130' title='bbox 522 1815 728 1882; x_wconf 84' lang='lat' dir='ltr'>sepulto,</span> <span class='ocrx_word' id='word_1_131' title='bbox 747 1831 858 1863; x_wconf 90' lang='lat' dir='ltr'>cum</span> <span class='ocrx_word' id='word_1_132' title='bbox 876 1814 1035 1863; x_wconf 89' lang='lat' dir='ltr'>adhuc</span> <span class='ocrx_word' id='word_1_133' title='bbox 1060 1815 1183 1862; x_wconf 87' lang='lat' dir='ltr'>inter</span> <span class='ocrx_word' id='word_1_134' title='bbox 1207 1830 1367 1880; x_wconf 87' lang='lat' dir='ltr'>regem</span> <span class='ocrx_word' id='word_1_135' title='bbox 1391 1813 1662 1880; x_wconf 88' lang='lat' dir='ltr'>ducemque</span> <span class='ocrx_word' id='word_1_136' title='bbox 1678 1829 1771 1880; x_wconf 79' lang='lat' dir='ltr'>pax</span> 
     </span>
     <span class='ocr_line' id='line_1_20' title="bbox 330 1891 1773 1960; baseline -0.001 -18"><span class='ocrx_word' id='word_1_137' title='bbox 330 1894 459 1943; x_wconf 87' lang='lat' dir='ltr'>nulla</span> <span class='ocrx_word' id='word_1_138' title='bbox 491 1894 759 1960; x_wconf 88' lang='lat' dir='ltr'>composita</span> <span class='ocrx_word' id='word_1_139' title='bbox 790 1902 931 1954; x_wconf 89' lang='lat' dir='ltr'>esset,</span> <span class='ocrx_word' id='word_1_140' title='bbox 969 1903 1112 1959; x_wconf 86' lang='lat' dir='ltr'>atque</span> <span class='ocrx_word' id='word_1_141' title='bbox 1149 1910 1231 1942; x_wconf 86' lang='lat' dir='ltr'>rex</span> <span class='ocrx_word' id='word_1_142' title='bbox 1266 1892 1407 1941; x_wconf 87' lang='lat' dir='ltr'>dolos</span> <span class='ocrx_word' id='word_1_143' title='bbox 1439 1891 1773 1940; x_wconf 80' lang='lat' dir='ltr'>simulatorum</span> 
     </span>
     <span class='ocr_line' id='line_1_21' title="bbox 328 1969 1769 2038; baseline -0.002 -16"><span class='ocrx_word' id='word_1_144' title='bbox 328 1971 550 2022; x_wconf 92' lang='lat' dir='ltr'>nondum</span> <span class='ocrx_word' id='word_1_145' title='bbox 578 1971 913 2038; x_wconf 87' lang='lat' dir='ltr'>perpenderet,</span> <span class='ocrx_word' id='word_1_146' title='bbox 954 1971 1153 2019; x_wconf 90' lang='lat' dir='ltr'>Erluino</span> <span class='ocrx_word' id='word_1_147' title='bbox 1180 1971 1372 2036; x_wconf 85' lang='lat' dir='ltr'>suisque</span> <span class='ocrx_word' id='word_1_148' title='bbox 1405 1970 1509 2019; x_wconf 87' lang='lat' dir='ltr'>aliis</span> <span class='ocrx_word' id='word_1_149' title='bbox 1548 1969 1769 2036; x_wconf 81' lang='lat' dir='ltr'>sumptis,</span> 
     </span>
     <span class='ocr_line' id='line_1_22' title="bbox 330 2047 1773 2115; baseline -0.002 -16"><span class='ocrx_word' id='word_1_150' title='bbox 330 2050 638 2099; x_wconf 82' lang='lat' dir='ltr'>Rhodomum</span> <span class='ocrx_word' id='word_1_151' title='bbox 663 2050 825 2109; x_wconf 88' lang='lat' dir='ltr'>rediit,</span> <span class='ocrx_word' id='word_1_152' title='bbox 855 2049 923 2098; x_wconf 92' lang='lat' dir='ltr'>nil</span> <span class='ocrx_word' id='word_1_153' title='bbox 949 2050 1127 2098; x_wconf 84' lang='lat' dir='ltr'>veritus</span> <span class='ocrx_word' id='word_1_154' title='bbox 1157 2066 1269 2097; x_wconf 91' lang='lat' dir='ltr'>cum</span> <span class='ocrx_word' id='word_1_155' title='bbox 1294 2049 1460 2115; x_wconf 85' lang='lat' dir='ltr'>paucis</span> <span class='ocrx_word' id='word_1_156' title='bbox 1485 2047 1581 2097; x_wconf 86' lang='lat' dir='ltr'>illic</span> <span class='ocrx_word' id='word_1_157' title='bbox 1602 2047 1773 2096; x_wconf 72' lang='lat' dir='ltr'>itnmo-</span> 
     </span>
     <span class='ocr_line' id='line_1_23' title="bbox 326 2126 1772 2195; baseline -0.001 -18"><span class='ocrx_word' id='word_1_158' title='bbox 326 2130 444 2189; x_wconf 85' lang='lat' dir='ltr'>rari,</span> <span class='ocrx_word' id='word_1_159' title='bbox 489 2145 601 2177; x_wconf 89' lang='lat' dir='ltr'>cum</span> <span class='ocrx_word' id='word_1_160' title='bbox 637 2128 766 2177; x_wconf 90' lang='lat' dir='ltr'>idem</span> <span class='ocrx_word' id='word_1_161' title='bbox 801 2129 1117 2177; x_wconf 85' lang='lat' dir='ltr'>consueverit.</span> <span class='ocrx_word' id='word_1_162' title='bbox 1171 2127 1322 2176; x_wconf 89' lang='lat' dir='ltr'>Dolus</span> <span class='ocrx_word' id='word_1_163' title='bbox 1367 2126 1497 2195; x_wconf 89' lang='lat' dir='ltr'>apud</span> <span class='ocrx_word' id='word_1_164' title='bbox 1534 2126 1712 2175; x_wconf 86' lang='lat' dir='ltr'>ducem</span> <span class='ocrx_word' id='word_1_165' title='bbox 1742 2142 1772 2175; x_wconf 89' lang='lat' dir='ltr'>a</span> 
     </span>
     <span class='ocr_line' id='line_1_24' title="bbox 327 2205 1772 2274; baseline -0.001 -19"><span class='ocrx_word' id='word_1_166' title='bbox 327 2206 579 2273; x_wconf 66' lang='lat' dir='ltr'>transfugis</span> <span class='ocrx_word' id='word_1_167' title='bbox 602 2217 813 2274; x_wconf 85' lang='lat' dir='ltr'>paratus,</span> <span class='ocrx_word' id='word_1_168' title='bbox 839 2208 924 2273; x_wconf 90' lang='lat' dir='ltr'>qui</span> <span class='ocrx_word' id='word_1_169' title='bbox 948 2217 1059 2255; x_wconf 85' lang='lat' dir='ltr'>ante</span> <span class='ocrx_word' id='word_1_170' title='bbox 1082 2206 1300 2267; x_wconf 83' lang='lat' dir='ltr'>latuerat,</span> <span class='ocrx_word' id='word_1_171' title='bbox 1320 2216 1426 2255; x_wconf 86' lang='lat' dir='ltr'>orta</span> <span class='ocrx_word' id='word_1_172' title='bbox 1448 2205 1772 2273; x_wconf 82' lang='lat' dir='ltr'>oportunitate</span> 
     </span>
     <span class='ocr_line' id='line_1_25' title="bbox 328 2283 1773 2352; baseline -0.001 -18"><span class='ocrx_word' id='word_1_173' title='bbox 328 2301 386 2334; x_wconf 85' lang='lat' dir='ltr'>ex</span> <span class='ocrx_word' id='word_1_174' title='bbox 405 2286 595 2334; x_wconf 80' lang='lat' dir='ltr'>raritate</span> <span class='ocrx_word' id='word_1_175' title='bbox 612 2285 834 2346; x_wconf 89' lang='lat' dir='ltr'>militum,</span> <span class='ocrx_word' id='word_1_176' title='bbox 863 2286 912 2333; x_wconf 91' lang='lat' dir='ltr'>in</span> <span class='ocrx_word' id='word_1_177' title='bbox 930 2295 1149 2352; x_wconf 88' lang='lat' dir='ltr'>apertum</span> <span class='ocrx_word' id='word_1_178' title='bbox 1175 2286 1348 2352; x_wconf 88' lang='lat' dir='ltr'>erupit.</span> <span class='ocrx_word' id='word_1_179' title='bbox 1378 2288 1498 2333; x_wconf 87' lang='lat' dir='ltr'>Nam</span> <span class='ocrx_word' id='word_1_180' title='bbox 1514 2283 1634 2332; x_wconf 90' lang='lat' dir='ltr'>dum</span> <span class='ocrx_word' id='word_1_181' title='bbox 1657 2293 1773 2333; x_wconf 88' lang='lat' dir='ltr'>tem·</span> 
     </span>
     <span class='ocr_line' id='line_1_26' title="bbox 327 2362 1773 2430; baseline -0.001 -18"><span class='ocrx_word' id='word_1_182' title='bbox 327 2364 538 2430; x_wconf 87' lang='lat' dir='ltr'>pestivus</span> <span class='ocrx_word' id='word_1_183' title='bbox 551 2363 815 2424; x_wconf 85' lang='lat' dir='ltr'>adveniret,</span> <span class='ocrx_word' id='word_1_184' title='bbox 844 2363 906 2412; x_wconf 88' lang='lat' dir='ltr'>ab</span> <span class='ocrx_word' id='word_1_185' title='bbox 932 2363 1173 2429; x_wconf 87' lang='lat' dir='ltr'>Hagroldo</span> <span class='ocrx_word' id='word_1_186' title='bbox 1197 2364 1281 2429; x_wconf 91' lang='lat' dir='ltr'>qui</span> <span class='ocrx_word' id='word_1_187' title='bbox 1308 2362 1643 2429; x_wconf 88' lang='lat' dir='ltr'>Bajocensibus</span> <span class='ocrx_word' id='word_1_188' title='bbox 1659 2379 1773 2429; x_wconf 78' lang='lat' dir='ltr'>prae-</span> 
     </span>
     <span class='ocr_line' id='line_1_27' title="bbox 328 2441 1772 2509; baseline -0.001 -19"><span class='ocrx_word' id='word_1_189' title='bbox 328 2452 446 2503; x_wconf 89' lang='lat' dir='ltr'>erat,</span> <span class='ocrx_word' id='word_1_190' title='bbox 466 2458 555 2509; x_wconf 88' lang='lat' dir='ltr'>per</span> <span class='ocrx_word' id='word_1_191' title='bbox 570 2441 858 2508; x_wconf 82' lang='lat' dir='ltr'>legationem</span> <span class='ocrx_word' id='word_1_192' title='bbox 876 2442 1139 2491; x_wconf 85' lang='lat' dir='ltr'>suasoriam</span> <span class='ocrx_word' id='word_1_193' title='bbox 1157 2442 1428 2501; x_wconf 77' lang='lat' dir='ltr'>accersituS,</span> <span class='ocrx_word' id='word_1_194' title='bbox 1452 2441 1646 2507; x_wconf 83' lang='lat' dir='ltr'>Bajocas</span> <span class='ocrx_word' id='word_1_195' title='bbox 1659 2456 1772 2489; x_wconf 83' lang='lat' dir='ltr'>cum</span> 
     </span>
     <span class='ocr_line' id='line_1_28' title="bbox 330 2518 1772 2587; baseline -0.001 -18"><span class='ocrx_word' id='word_1_196' title='bbox 330 2520 492 2585; x_wconf 82' lang='lat' dir='ltr'>paucis</span> <span class='ocrx_word' id='word_1_197' title='bbox 525 2518 588 2570; x_wconf 76' lang='lat' dir='ltr'>ad</span> <span class='ocrx_word' id='word_1_198' title='bbox 621 2521 979 2580; x_wconf 79' lang='lat' dir='ltr'>accersientem,</span> <span class='ocrx_word' id='word_1_199' title='bbox 1024 2530 1190 2587; x_wconf 88' lang='lat' dir='ltr'>utpote</span> <span class='ocrx_word' id='word_1_200' title='bbox 1227 2519 1290 2569; x_wconf 88' lang='lat' dir='ltr'>ad</span> <span class='ocrx_word' id='word_1_201' title='bbox 1324 2519 1517 2569; x_wconf 85' lang='lat' dir='ltr'>fidelem</span> <span class='ocrx_word' id='word_1_202' title='bbox 1540 2535 1687 2586; x_wconf 83' lang='lat' dir='ltr'>quem</span> <span class='ocrx_word' id='word_1_203' title='bbox 1721 2519 1772 2568; x_wconf 89' lang='lat' dir='ltr'>in</span> 
     </span>
    </p>
   </div>
   <div class='ocr_carea' id='block_1_5' title="bbox 377 2698 705 2796">
    <p class='ocr_par' dir='ltr' id='par_1_5' title="bbox 377 2698 705 2796">
     <span class='ocr_line' id='line_1_29' title="bbox 377 2698 691 2742; baseline -0.006 -8"><span class='ocrx_word' id='word_1_204' title='bbox 377 2701 397 2720; x_wconf 72' lang='lat'>⁸</span> <span class='ocrx_word' id='word_1_205' title='bbox 425 2699 488 2742; x_wconf 81' lang='lat' dir='ltr'>be,</span> <span class='ocrx_word' id='word_1_206' title='bbox 507 2699 534 2733; x_wconf 81' lang='lat' dir='ltr'>si</span> <span class='ocrx_word' id='word_1_207' title='bbox 552 2698 691 2734; x_wconf 69' lang='lat' dir='ltr'>abscisa.</span> 
     </span>
     <span class='ocr_line' id='line_1_30' title="bbox 379 2754 705 2796; baseline -0.003 -7"><span class='ocrx_word' id='word_1_208' title='bbox 379 2754 417 2775; x_wconf 67' lang='lat'>’⁵</span> <span class='ocrx_word' id='word_1_209' title='bbox 443 2768 479 2789; x_wconf 81' lang='lat' dir='ltr'>re</span> <span class='ocrx_word' id='word_1_210' title='bbox 490 2782 499 2796; x_wconf 87' lang='lat'>,</span> <span class='ocrx_word' id='word_1_211' title='bbox 518 2764 550 2789; x_wconf 86' lang='lat' dir='ltr'>rt</span> <span class='ocrx_word' id='word_1_212' title='bbox 566 2754 705 2789; x_wconf 72' lang='lat' dir='ltr'>abscim.</span> 
     </span>
    </p>
   </div>
  </div>
 </body>
</html>
