1962 3262
325 250 379 287 70
818 247 1037 289 menam
1069 245 1167 287 ΜΒ.
1200 245 1231 285 1.

323 327 506 376 domno
529 343 654 395 papa
675 329 914 378 humiliter
934 326 1171 387 consulto,
1201 324 1428 375 efficatius
1460 341 1536 373 res
1558 310 1745 376 enhi-

323 414 467 453 retur.
512 405 750 456 Revolutis
777 408 936 473 itaque
968 416 1157 473 patrum
1194 404 1416 463 demtis,
1455 402 1744 452 reverendus

322 482 713 550 metropolitanus
730 486 955 534 Hetiveus
978 486 1043 534 24
1063 482 1265 550 capitula
1288 483 1337 530 in
1361 481 1605 531 volumine
1620 481 1746 543 ordi-

320 561 467 622 navit,
490 562 829 613 rationabiliter
845 580 902 612 ac
919 562 1092 611 utiliter
1108 561 1303 626 digesta,
1323 569 1372 610 et
1387 559 1588 626 qualiter
1600 559 1746 609 rudes

322 638 371 686 in
396 637 492 687 fide
513 639 721 689 habendi
752 650 862 690 sunt
888 640 1194 690 continentia.
1230 641 1347 697 Quae
1371 638 1532 686 omnia
1555 652 1747 686 venera·

322 714 406 764 bili
429 716 717 766 Rodomensi
740 718 941 767 Wittoni
965 716 1211 782 delegavit.
1241 714 1322 764 me
1344 732 1459 764 vero
1486 715 1741 782 excipiens,

320 792 517 842 utiliter‘
548 805 791 862 sumptum
808 795 1049 860 negotium
1073 793 1432 843 consummavit.

944 943 1114 978 XXXIV.

386 1042 483 1087 Hac
507 1041 648 1088 etiam
674 1052 949 1108 tempestate
974 1045 1257 1108 Ragenerus‚
1286 1042 1359 1089 vir
1382 1039 1669 1089 consularis'
1697 1051 1746 1089 et

321 1116 509 1177 nobilis,
537 1130 856 1184 cognomento
882 1119 1244 1183 Collo-Longus,
1272 1118 1406 1182 cujus
1429 1118 1572 1166 etiam
1588 1116 1748 1166 obitus

321 1194 518 1243 multam
537 1197 604 1244 nei
626 1196 826 1263 publicae
847 1198 896 1246 in
922 1196 1105 1262 Belgica
1128 1196 1285 1244 intulit
1306 1195 1481 1256 labem,
1501 1195 1746 1243 communi

319 1274 534 1339 corporis
550 1274 808 1323 valitudine
825 1283 975 1323 tactus
993 1284 1040 1323 et
1054 1289 1326 1341 oppressus,
1337 1272 1482 1321 finem
1495 1273 1602 1321 vitae
1617 1271 1747 1341 apud

319 1352 554 1399 Marsuam
577 1351 805 1417 palatium
829 1352 1023 1419 accepit.
1056 1351 1200 1416 Cujus
1216 1351 1424 1416 exequiis
1441 1349 1642 1399 Karolus
1665 1365 1747 1399 rex

319 1427 582 1478 interfuisse
605 1429 793 1490 dicitur,
820 1447 876 1478 ac
897 1429 1062 1478 oculos
1085 1427 1288 1478 lacrimis
1310 1427 1514 1476 suffusus
1536 1426 1708 1476 dixisse
1730 1446 1741 1474 :

323 1508 388 1563 0,
417 1506 660 1571 inquiens,
681 1524 742 1555 επ
766 1506 864 1555 alm
880 1507 1127 1566 hmnilem,
1155 1523 1217 1555 ex
1238 1505 1399 1572 amplo
1423 1504 1745 1555 arctis-simum!

318 1581 467 1630 altero
485 1600 763 1672 personam,
790 1584 940 1632 altero
958 1593 1323 1632 monumentum
1340 1581 1624 1648 significans.
1641 1585 1748 1633 Per-

319 1661 528 1749 actisque
552 1662 800 1727 exsequiis,
834 1661 1098 1711 Gisleberto
1130 1661 1230 1726 ejus
1256 1660 1372 1722 filio,
1394 1661 1493 1726 jam
1530 1660 1694 1710 facto
1673 1678 1748 1727 Ju-

319 1717 451 1798 veni,
478 1748 728 1804 paternum
746 1738 1007 1799 honorem,
1034 1755 1196 1787 coram
1219 1698 1513 1806 principibus
1536 1739 1620 1805 qui
1635 1755 1749 1788 con-

320 1815 550 1864 fluxerant
567 1816 888 1865 liberalissime
905 1815 1250 1864 accommodat.

956 1948 1093 1983 XXXV
1099 1976 1105 1982 .

385 2048 471 2095 Hic
488 2063 599 2095 cum
616 2058 738 2096 esset
755 2047 1012 2096 clarissimo
1041 2063 1212 2112 genere
1235 2046 1440 2106 inclitus,
1469 2054 1518 2094 et
1542 2044 1748 2093 Heinrici

320 2125 533 2173 Saxoniae
547 2125 681 2173 ducis
699 2125 803 2174 filiae
817 2125 1067 2190 Gerbergae
1077 2124 1300 2189 conjugio
1314 2123 1331 2149 ⁸
1347 2122 1549 2171 nimium
1557 2120 1709 2183 felix(
1693 2138 1747 2171 m

320 2202 514 2251 nimiam
542 2220 639 2269 prae
663 2202 912 2251 insolentia
930 2203 1239 2251 temeritatem
1262 2216 1469 2290 praeceps
1489 2197 1742 2249 ferebatur.

320 2282 373 2328 ln
391 2279 639 2348 disciplina
666 2281 854 2328 militari
871 2298 929 2329 ex
954 2279 1143 2330 audatia
1166 2279 1358 2338 nimius,
1383 2277 1505 2326 adeo
1529 2287 1583 2325 ut
1598 2276 1749 2343 quod-

320 2375 525 2425 cumque
560 2357 879 2418 inevincibile,
906 2368 1128 2425 appetere
1151 2374 1250 2406 non
1268 2364 1513 2404 metueret.
1536 2358 1749 2422 Corpore

322 2436 550 2485 mediocri
573 2446 621 2485 et
645 2436 814 2497 denso,
842 2436 1059 2502 duroque
1086 2434 1412 2484 membrorum
1435 2433 1626 2493 robore,
1652 2449 1749 2482 cer-

322 2515 423 2563 vice
450 2513 717 2575 inflexibili,
754 2513 904 2563 oculis
936 2514 1114 2562 infestis
1147 2524 1290 2579 atque
1332 2510 1553 2578 inquietis
1585 2511 1747 2578 sicque

369 2635 378 2653 ¹
404 2633 638 2668 efficacissime
652 2641 754 2678 atque
769 2632 908 2667 utiliter.
932 2635 963 2665 ί.

365 2691 380 2710 ²
406 2702 443 2723 u.
460 2703 492 2724 c.
510 2689 626 2723 coda.

369 2746 384 2765 ⁸
409 2745 631 2780 matrimonio
659 2747 671 2779 ί
684 2772 690 2777 .
