1962 3262
293 245 345 285 :⁸6
796 242 1014 284 menam
1047 244 1143 284 mn.
1176 242 1208 282 1.

291 323 477 387 signum
502 323 760 389 excipiens,
793 325 981 413 agmine
1005 325 1205 376 densato
1229 329 1571 392 circumseptus
1594 325 1723 375 int»

291 400 449 448 debat.
473 403 732 467 Faunusque
749 403 887 450 cunei
906 402 1119 459 militaris
1137 422 1362 464 acumen,
1390 405 1551 452 hostes
1573 401 1725 452 vm

291 478 483 526 bundus
531 478 807 543 ingreditur.
856 482 1197 548 Precipitantur
1243 483 1453 542 barbari,
1507 480 1724 548 viresque

291 556 527 605 amittunt.
554 559 610 604 At
636 557 790 622 regius
813 558 1043 607 exercitus
1068 560 1277 620 rediens,
1311 562 1481 610 iterum
1505 557 1725 634 irmmpit

289 635 566 700 sternitque,
593 635 828 700 tertioque
844 634 1057 697 adortus,
1078 637 1174 687 fere
1192 655 1360 701 omnes
1383 637 1625 704 opprimit..
1652 635 1724 688 Ex

289 728 495 778 quorum
516 711 719 760 tumultu
738 729 849 760 cum
870 729 951 762 aer
965 714 1208 781 densatus,
1229 715 1382 765 multo
1406 715 1600 782 pulvere
1623 715 1724 782 pin·

290 800 554 855 guesceret,
576 789 794 837 Catillus·
819 806 931 838 cum
949 793 1112 857 paucis
1126 810 1214 859 per
1228 794 1478 858 caliginem
1497 793 1606 859 Fuga
1621 808 1724 842 sese

287 869 536 934 surripuit,
574 878 717 933 atque
756 869 805 916 in
845 868 1052 917 dumetis
1093 887 1196 919 sese
1235 871 1433 919 abdidit.
1476 871 1573 930 Qui
1610 886 1723 919 cum

286 945 474 1005 lateret,
502 963 531 993 a
553 945 813 994 victoribus
836 947 1014 1013 passim
1042 946 1310 1013 palantibus
1338 958 1552 1015 mpertus
1580 957 1723 1017 atque

290 1034 456 1090 captus
473 1034 567 1084 est,
588 1024 780 1089 suisque
797 1024 880 1089 qui
898 1025 1083 1072 secum'
1116 1025 1377 1074 latuerant⁸
1398 1024 1555 1090 gladio
1578 1033 1724 1074 mns-

289 1101 414 1162 flxis,
443 1112 552 1169 post
574 1101 726 1168 spolia
750 1101 933 1169 direpta
958 1101 1120 1150 Odoui
1140 1103 1236 1168 regi
1260 1102 1447 1151 oblatus
1468 1111 1555 1151 est.

565 1388 612 1423 X.
630 1408 679 1416 —
692 1388 840 1423 Tiranni
853 1390 871 1411 ‘
889 1389 1100 1437 baptismus,
1118 1397 1152 1424 et
1163 1391 1182 1411 ⁹
1201 1388 1399 1423 interfectio
1411 1389 1445 1422 ⁸.

355 1489 538 1538 Utiliter
559 1506 675 1554 ergo
698 1500 880 1556 patrata
903 1491 1122 1548 victoria,
1151 1507 1234 1538 rex
1263 1490 1504 1537 tirannum
1527 1499 1719 1556 mptum

288 1583 450 1615 secum
474 1568 750 1615 Lemovicas
766 1567 899 1614 ducit
915 1604 927 1626 ,
944 1567 1104 1632 ibique
1121 1568 1165 1615 ei
1187 1567 1291 1616 vitae
1314 1583 1370 1615 ac
1387 1566 1554 1614 mortis
1569 1568 1722 1633 optio·

288 1661 398 1692 nem
423 1645 577 1705 dedit,
605 1645 644 1691 si
660 1644 1006 1711 baptizaretur,
1020 1646 1188 1704 vitam,
1216 1645 1289 1692 sin
1314 1644 1488 1703 minuS,
1516 1653 1719 1692 mortem

202 1732 213 1741 ⁶
287 1723 584 1787 promittens.
611 1722 843 1770 Tll'anllus
858 1739 971 1770 mox
988 1722 1167 1788 absque
1181 1722 1557 1770 contradictione
1572 1719 1722 1788 bapti·

224 1842 230 1846 .
287 1801 381 1847 zari
393 1802 528 1867 petit.
546 1800 639 1848 Sed
657 1800 858 1848 dubium
871 1817 932 1849 an
949 1800 1330 1866 fideiquioquam
1347 1799 1581 1848 habuerit.
1597 1799 1744 1861 Quia·

286 1895 398 1943 ergo
415 1889 710 1945 pentecostes
727 1878 931 1927 instabat
947 1878 1289 1945 sollempnitaS,
1311 1895 1366 1926 ac
1383 1878 1718 1944 episcoporum

283 1966 548 2007 conventus
571 1957 670 2022 regi
687 1956 874 2017 aderat,
896 1956 958 2004 ab
979 1957 1213 2023 episcopis
1232 1957 1275 2003 ei
1293 1954 1568 2003 triduanum
1601 1952 1721 2004 indi-

283 2035 406 2082 citur
438 2035 690 2100 jejunium.
738 2034 826 2082 Die
860 2051 975 2082 vero
1015 2034 1270 2083 constituta
1306 2049 1417 2080 cum
1447 2031 1497 2079 in
1525 2027 1719 2080 basilien
1783 2096 1792 2101 -

282 2114 430 2161 sancti
467 2113 697 2161 Marcialis
733 2112 937 2161 martiris
953 2148 965 2172 ,
1009 2122 1117 2178 post
1155 2112 1491 2178 episcoporum
1526 2117 1716 2175 peracta

281 2190 438 2238 officia
470 2191 519 2238 in
546 2208 733 2239 sacrum
753 2191 933 2239 fontem
956 2189 1018 2237 ab
1038 2190 1141 2256 ipso
1171 2205 1278 2254 rege
1295 2184 1719 2253 excipiendusdea-

279 2268 526 2328 uenderet,
553 2269 749 2334 Jamque
787 2268 910 2316 trina
940 2267 1228 2315 inmersione
1257 2266 1306 2314 iu
1337 2264 1533 2313 nomine
1567 2263 1716 2311 Patris

282 2356 330 2394 et
359 2346 459 2394 Filii
487 2356 535 2394 et
565 2346 765 2413 Spiritus
794 2345 942 2393 sancti
971 2344 1233 2410 baptizatus
1264 2352 1385 2390 esset
1401 2378 1413 2402 ,
1454 2344 1571 2405 lngo
1605 2350 1716 2389 ante

281 2424 487 2490 signifer,
514 2423 672 2489 gladio
696 2423 869 2471 educto
894 2422 1102 2470 laetaliter
1125 2438 1235 2470 eum
1258 2419 1622 2478 transverberat,
1659 2434 1715 2466 ac

282 2502 461 2551 fontem
482 2510 735 2559 sacratum,
767 2500 974 2548 vulneris
1001 2499 1230 2562 effusione
1256 2498 1524 2546 immaniter
1550 2513 1716 2571 crueri-

331 2651 347 2669 .
376 2648 406 2690 i,
423 2657 477 2690 et,
495 2660 519 2682 ο
533 2649 675 2682 abscisa.

332 2704 341 2725 ⁸
369 2717 429 2738 nex
445 2705 677 2739 barbarorum
691 2715 775 2737 corr.
794 2703 941 2737 (munus.

330 2761 345 2781 ¹
371 2773 423 2802 m,
442 2761 493 2801 ia,
512 2769 522 2793 t
540 2760 678 2793 abscisa.
