1962 3262
324 176 377 217 6⁴
845 175 1067 217 menen!
1099 175 1197 220 uB.
1234 177 1267 220 1.

330 266 537 322 quatuor
559 255 784 304 cohortes
799 273 856 306 ex
883 258 1082 324 Belgica,
1104 258 1278 325 quibus
1301 269 1349 308 et
1377 259 1636 312 mehuimn
1653 263 1770 332 'pro-

331 334 487 382 dictus
511 344 726 403 praeerat.
756 335 1100 401 Aquitanorum
1124 354 1240 386 vero
1263 337 1475 404 legiones
1507 339 1771 398 Dalmflius

331 412 553 474 curabat3
576 413 819 462 Neustrios
833 431 950 462 vero
965 415 1066 483 ipse
1082 415 1180 463 dux
1195 415 1451 465 Rotbertus
1464 409 1766 487 (Περσικὰ.

330 493 503 559 Sicque
537 502 665 541 totus
699 492 835 541 ducis
866 493 1099 543 exercitus
1138 494 1188 542 in
1232 494 1546 561 quadraginta
1579 490 1772 548 milibus

329 568 545 636 equitum
577 569 882 619 consistebat.
921 569 1211 621 Dalmatium
1243 589 1358 639 ergo
1385 590 1497 622 cum
1528 574 1773 641 Aquitanis

331 648 381 695 in
404 648 560 715 prima
585 647 741 696 fronte
764 649 1032 710 constituit3
1063 650 1176 699 dein
1203 650 1367 717 Belgas
1382 652 1420 711 ⁸,
1452 662 1501 701 at
1529 653 1772 703 Neustrios

332 725 554 775 subsidiis
568 725 709 774 locat.
733 729 839 793 lpse
854 727 998 775 etiam
1015 727 1113 776 dux
1131 728 1342 794 legiones
1359 730 1644 780 circumiens
1660 749 1774 799 pra-

332 805 500 873 cipuos
523 821 742 870 quosque
765 806 964 855 nomine
987 822 1164 855 vocans
1187 806 1422 870 hortatur,
1444 818 1498 856 ut
1513 826 1610 857 suae
1631 809 1775 858 virm-

334 884 393 932 tis
425 900 481 932 ac
521 883 781 932 nobilitatis
806 883 1068 950 plurimum
1105 884 1435 946 meminerint3
1467 903 1558 953 pro
1589 888 1744 953 patria
1758 924 1771 943 ‚

335 978 426 1029 pro
444 962 557 1021 vita,
584 979 675 1028 pro
704 961 921 1010 libertate
945 962 1229 1011 certandum
1260 970 1498 1025 asserens3
1530 964 1595 1014 de
1619 975 1775 1014 morte

336 1058 435 1088 non
461 1040 812 1088 sollicitandum
828 1057 940 1088 cum
960 1056 1015 1088 ea
1035 1040 1260 1088 omnibus
1287 1040 1466 1089 incerta
1489 1042 1576 1102 sit;
1603 1042 1643 1090 si
1659 1059 1775 1091 vero

337 1118 534 1184 fugiant,
562 1119 629 1166 eis
654 1118 772 1166 nihil
797 1117 859 1166 ab
887 1117 1105 1166 hostibus
1137 1135 1239 1166 esse
1277 1118 1660 1184 relinquendum.
1696 1121 1778 1168 llis

338 1207 386 1244 et
418 1197 521 1245 aliis
553 1214 701 1262 quam
736 1196 978 1263 plurimis,
1014 1196 1217 1244 militum
1250 1196 1437 1244 anirnos
1473 1195 1773 1246 incendebat.

337 1274 523 1333 Quibus
535 1275 673 1323 dictis
690 1275 786 1322 dux
804 1275 853 1323 in
868 1275 1028 1322 locum
1045 1274 1127 1322 ubi
1144 1274 1377 1341 praelium‚
1398 1286 1500 1324 erat
1515 1275 1778 1340 gerendum

338 1354 591 1402 instructos
609 1353 803 1402 ordines
825 1352 1035 1402 deducit.

990 1722 1125 1757 XXIX.

410 1834 507 1880 Nec
530 1832 689 1879 minus
711 1841 760 1880 et
784 1831 995 1879 hostium
1018 1832 1251 1880 exercitus
1273 1842 1441 1880 contra
1457 1832 1548 1880 hos
1573 1848 1676 1881 rem
1701 1833 1785 1880 mi-

346 1911 531 1959 litarem
548 1909 698 1958 multa
715 1909 906 1958 audatia
923 1909 1230 1958 ordinabant.
1249 1913 1469 1969 Quorum
1486 1910 1720 1959 exercitus
1732 1910 1782 1958 in

345 1989 690 2055 quinquaginta
703 1987 900 2036 milibus
917 1998 1212 2036 armatorum
1229 1989 1511 2049 consistens,
1526 1987 1782 2037 ordinatim

347 2067 713 2117 obvenientibus
735 2066 968 2135 procedit.
994 2066 1246 2115 Rotbertus
1263 2067 1362 2115 dux
1384 2067 1483 2114 vim
1506 2066 1785 2123 bellimaxi-

347 2163 477 2195 mam
501 2147 752 2195 imminere
775 2146 1051 2206 advertens,
1077 2162 1190 2194 cum
1214 2144 1343 2194 mille
1368 2144 1574 2194 robustis
1589 2160 1650 2194 ex
1666 2146 1786 2192 Neu·

349 2227 479 2285 stria,
514 2225 752 2274 Dalmatio
776 2226 825 2273 in
852 2225 1005 2292 prima
1029 2223 1185 2272 fronte
1209 2241 1312 2273 sese
1335 2225 1543 2273 assotiat.
1568 2221 1787 2271 Procedit

350 2306 509 2371 itaque
539 2321 650 2352 cum
683 2304 919 2352 Dalmatio
944 2313 993 2351 et
1019 2302 1312 2368 Aquitanis&
1358 2304 1415 2350 At
1439 2302 1699 2369 piratarum
1725 2300 1789 2349 le-

351 2384 517 2450 giones
533 2382 680 2449 longo
699 2393 804 2431 sese
819 2381 990 2430 ordine
1016 2379 1410 2448 protenderant⁸,
1437 2381 1692 2447 ipsumque
1714 2395 1788 2427 or-

352 2462 516 2510 dinem
533 2461 596 2510 ad
612 2460 775 2509 hostes
792 2460 1099 2526 excipiendos
1116 2469 1429 2507 curvaverant
1445 2466 1652 2507 scemate
1663 2456 1788 2505 lunae

402 2603 412 2622 ⁸
440 2602 477 2636 b.
495 2600 786 2649 duoegiskbeuo
801 2599 955 2636 oidimt.
972 2599 1056 2635 inde
1072 2612 1110 2635 n.
1132 2602 1166 2634 t.

401 2659 417 2679 ³
433 2671 466 2693 a.
485 2658 659 2693 frontibus
674 2658 826 2693 masor-to
842 2657 996 2704 signatis.
1016 2659 1059 2692 At
1078 2658 1111 2691 1.

404 2715 418 2733 ²
444 2713 694 2761 profenderant
715 2713 790 2748 cod.
