1962 3262
328 269 403 310 174
820 266 1040 308 menam
1071 267 1171 307 Lm.
1209 265 1265 310 11.

325 351 387 399 ad
405 350 515 397 litus
529 385 542 409 ,
563 348 680 415 quid
694 348 870 397 vellent
886 349 1219 407 sciscitaturus,
1240 347 1377 396 redit.
1402 346 1471 395 mi
1489 362 1604 395 mox
1617 347 1757 413 quid-

329 428 442 476 dam
466 427 879 495 praeciosissimum
903 443 953 475 se
977 426 1161 475 deferre
1184 434 1399 474 asserunt
1413 461 1426 486 ,
1454 423 1588 491 quod
1611 441 1640 474 a
1670 424 1758 474 do-

326 507 459 555 mino
493 522 582 554 suo
622 504 864 554 oblivione
900 521 1206 572 suppressum
1246 502 1347 551 fuit.
1388 505 1496 551 Dux
1539 502 1757 552 navicula

324 584 450 633 litori
473 582 662 651 apulsa,
691 582 796 631 illos
818 582 989 649 excipit
1003 618 1017 643 ,
1045 599 1072 630 a
1096 581 1270 647 quibus
1287 581 1429 629 etiam
1453 597 1567 630 mox
1590 579 1756 647 gladiis

325 662 507 711 eductis
531 662 541 686 ⁸
585 661 885 709 interimitur.
923 659 1124 708 Duobus
1157 676 1350 726 quoque
1382 658 1643 725 puberibus
1673 661 1756 726 qui

325 756 437 788 cum
460 756 520 788 eo
538 740 743 787 inermes
759 737 953 787 aderant
967 773 981 797 ,
1008 747 1056 786 et
1072 747 1216 786 nauta
1233 738 1473 797 sauciatis,
1495 754 1523 785 a
1538 737 1757 788 navicula

324 818 576 865 facinorosi
600 817 819 876 exiliunt,
851 832 907 863 ac
924 825 1034 882 post
1062 816 1307 863 conscium
1337 815 1589 863 dominum
1611 816 1662 863 in
1686 815 1758 863 fu·

328 912 434 961 gam
458 896 686 943 feruntur.
716 895 810 953 Qui
828 904 986 942 autern
1008 893 1107 957 jam
1130 909 1219 959 per
1242 892 1435 959 pelagus
1451 892 1753 958 navigabant,

326 973 542 1021 conversi
575 973 683 1020 litus
718 973 934 1020 relictum
968 981 1213 1037 repetunt,
1258 987 1315 1020 ac
1354 970 1605 1019 dominum
1639 972 1757 1020 inte-

328 1063 587 1118 remptum,
616 1042 834 1117 duosoue
857 1049 1061 1116 puberes
1084 1059 1131 1097 et
1155 1058 1348 1096 nautam
1375 1049 1606 1098 sauciatos
1627 1049 1757 1098 inve-

329 1131 480 1178 niunt.
518 1133 865 1195 Sumptumque
898 1128 1083 1175 domini
1111 1143 1285 1193 corpus
1309 1125 1600 1175 lamentabili
1621 1125 1758 1177 obse·

328 1209 442 1273 quio
466 1207 717 1274 sepulturae
740 1206 1008 1272 deportant.

411 1569 582 1604 xxx1v.
599 1588 647 1596 -
661 1569 738 1603 nex
755 1568 830 1603 mio
844 1568 1008 1604 witelmi
1023 1567 1202 1603 melmae
1222 1576 1350 1603 tamn
1372 1567 1481 1615 puna
1498 1566 1671 1603 coneedit.

395 1681 490 1725 Nec
507 1677 658 1724 multo
670 1686 779 1742 post
796 1686 844 1724 et
861 1677 962 1740 ejus
975 1675 1125 1725 filium
1142 1676 1203 1724 de
1213 1677 1453 1724 Brittanna
1467 1675 1751 1737 concubina,

332 1754 527 1802 nomine
546 1753 833 1802 Richardum
845 1790 860 1815 ,
888 1755 984 1820 regi
1005 1754 1272 1815 deducunt,
1300 1755 1417 1820 gesti
1434 1754 1612 1820 negotii
1632 1754 1759 1804 ordi-

329 1848 441 1880 nem
477 1831 756 1898 pandentes.
802 1834 899 1879 Rex
930 1831 1243 1880 adolescentis
1273 1832 1555 1898 elegantiam
1591 1831 1758 1882 adver-

331 1921 461 1970 tenS,
501 1908 754 1958 liberaliter
788 1910 983 1976 excipit,
1022 1910 1318 1977 provinciam
1353 1926 1381 1957 a
1406 1920 1541 1976 patre
1568 1909 1754 1977 pridem

330 2003 620 2054 possessam,
647 1986 691 2034 ei
708 1986 925 2052 largiens.
960 1988 1172 2036 Potiores
1195 2004 1388 2053 quoque
1411 1989 1495 2054 qui
1514 2003 1627 2036 cum
1642 1987 1755 2036 ado-

329 2063 587 2112 lescentulo
625 2075 940 2125 accesserant,
984 2082 1070 2132 per
1106 2082 1274 2114 manus
1317 2076 1366 2113 et
1406 2074 1753 2115 sacramentum

330 2142 452 2206 regis
476 2141 611 2189 fiunt.
641 2141 881 2207 Multaque
900 2144 1020 2208 regis
1043 2143 1316 2192 liberalitate
1334 2142 1606 2208 jocundati,
1626 2159 1755 2193 rece-

328 2219 451 2267 dunt
475 2220 746 2267 Rodomum
764 2220 803 2268 ¹.
844 2219 931 2269 Alii
960 2238 1075 2269 vero
1112 2225 1540 2282 Nortmannorum,
1569 2221 1756 2271 Richar-

330 2296 448 2344 dum
486 2297 550 2345 ad
587 2314 744 2361 regem
784 2298 1003 2347 transisse
1041 2298 1367 2364 indignantes,
1403 2299 1466 2348 ad
1505 2303 1754 2365 liugom

329 2374 501 2422 ducem
523 2375 810 2423 concedunt.

379 2509 388 2527 ⁸
416 2507 540 2542 strictis
556 2509 590 2542 l.

375 2564 391 2584 ⁸
417 2561 605 2598 rodomunt
619 2577 703 2598 corr.
