1962 3262
263 253 338 295 11⁴
764 250 983 292 menam
1014 250 1112 291 un
1139 252 1171 291 1.

358 375 799 412 1.1111.—1moefe‹:tiu·
829 374 999 411 Adelelmi
1021 388 1114 411 comi
1105 377 1188 412 tis·
1211 390 1231 412 ι
1251 377 1405 425 quodam
1428 377 1584 413 defleo·

503 430 720 480 episcopium
734 430 999 467 Noviorum·
1021 440 1203 480 expetente
1214 433 1235 455 ⁶
1250 432 1356 468 seduc
1357 434 1423 468 ιο·

323 538 414 587 Ubi
431 547 684 605 postquam
711 536 815 585 urbi
833 537 1021 585 tuenda?
1045 539 1302 587 necessaria
1314 538 1551 587 ordinavit
1569 537 1606 598 ‘,
1626 536 1689 587 de

254 617 495 685 episcopio
527 616 670 664 etiam
703 615 1006 662 Noviomensi
1031 616 1109 663 cui
1134 626 1256 663 esset
1273 616 1487 664 dandum
1517 614 1691 666 delibo-

255 694 410 754 rabat‚
431 710 543 742 cum
562 703 676 740 tunc
696 690 932 755 Ayrardus
943 692 1196 759 episcopus
1213 692 1403 741 obisset.
1425 696 1543 740 Nam
1562 691 1691 741 Wal-

255 772 417 822 bertus
434 770 792 820 Corbeiensium
815 768 963 817 abbas
990 770 1034 817 ei
1057 770 1310 819 succedere
1337 770 1601 838 petebatur,
1621 770 1693 819 vir

256 862 476 900 strenuus
493 866 548 898 ac
572 847 799 908 liberalis,
821 857 867 895 et
886 848 964 895 cui
982 848 1128 895 totius
1142 847 1331 896 bonesti
1356 849 1501 898 decus
1530 849 1693 898 admo-

258 929 375 977 dum
390 928 583 994 placuit.
611 929 707 974 Nec
725 926 882 973 minus
909 935 956 973 et
982 924 1216 991 praedictae
1241 925 1371 974 urbis
1383 926 1580 992 quidam
1596 927 1691 976 cle·

259 1008 384 1055 ricus
412 1005 474 1053 ab
509 1021 617 1069 rege
654 1019 754 1051 sese
790 1003 890 1051 fieri
921 1019 1243 1051 successorem
1278 1004 1547 1070 postulabat
1566 1041 1581 1065 ‚
1622 1006 1695 1053 vir

258 1084 513 1143 barbarus,
536 1098 681 1130 manu
709 1091 852 1147 atque
881 1081 1071 1129 audatia
1095 1082 1296 1141 nimius,
1331 1091 1377 1129 et
1403 1082 1480 1130 cui
1502 1081 1693 1132 solitum

259 1171 360 1209 erat
377 1177 538 1209 rerum
555 1160 817 1207 alienarum
836 1157 1214 1224 surreptionibus
1230 1158 1401 1206 laetariz
1414 1151 1572 1207 Hicab
1586 1174 1696 1224 rege

258 1238 536 1304 civibusque
568 1237 806 1302 abjectus,
843 1253 928 1284 cor
960 1236 1023 1284 ad
1059 1236 1199 1284 dolos
1230 1237 1478 1285 convertit.
1519 1235 1699 1286 Adelel·

261 1334 394 1365 mum
423 1317 581 1382 itaque
609 1315 988 1364 Ati-abatensium
1019 1315 1269 1375 comitem,
1290 1314 1426 1379 cujus
1448 1332 1586 1363 casus
1604 1331 1699 1364 me-

261 1413 418 1444 rorem
443 1393 603 1443 multis
629 1395 850 1453 incussit,
881 1393 1162 1442 seducturus
1184 1394 1327 1461 petit,
1350 1393 1451 1459 ejus
1473 1393 1699 1443 auxilium

260 1473 534 1540 suppliciter
558 1482 750 1539 petens,
789 1488 846 1520 ac
876 1471 1047 1519 suum²
1085 1470 1336 1538 pollicens,
1368 1488 1470 1519 sese
1498 1470 1560 1519 ab
1590 1488 1700 1538 rege

261 1562 591 1619 contemptum
617 1551 805 1617 penitus
831 1550 1131 1617 supprimens
1153 1568 1163 1597 :
1187 1570 1211 1595 «
1235 1551 1309 1611 Si,
1336 1550 1514 1615 inquit,
1541 1566 1628 1616 per
1654 1560 1700 1599 te

267 1651 290 1675 α
314 1631 614 1696 episcopatus
640 1629 868 1694 dignitate
885 1629 1059 1695 potiar,
1088 1645 1175 1695 per
1192 1645 1270 1676 me
1288 1627 1539 1676 efficaciter
1554 1629 1703 1677 comi·

268 1729 291 1752 α
316 1718 439 1757 tatus
455 1707 693 1755 honorem
708 1707 1030 1772 consequeris.
1047 1706 1193 1766 Quod
1214 1707 1356 1755 etiam
1375 1707 1443 1754 sic
1461 1706 1561 1754 fieri
1575 1706 1703 1757 vale-

270 1807 293 1831 «
316 1786 403 1846 bit,
422 1786 459 1834 si
479 1795 744 1833 nocturnus
754 1785 886 1833 urbis
896 1801 1060 1832 muros
1078 1784 1375 1833 conscendas
1397 1795 1460 1844 et,
1486 1801 1565 1833 me
1588 1785 1706 1835 inte·

271 1885 295 1910 «
318 1865 415 1912 rius
426 1874 729 1931 procurante,
747 1874 856 1912 tuos
873 1862 1029 1911 introd
1035 1879 1166 1922 ucas3
1183 1879 1272 1928 ego
1283 1863 1426 1911 etiam
1437 1879 1550 1911 cum
1561 1862 1707 1929 pluri·

273 1964 295 1988 α
319 1937 410 1991 bus
420 1942 590 2001 adei-03
608 1942 888 2008 collectique
900 1943 949 1989 in
965 1942 1171 2006 agmine,
1187 1941 1357 1990 urbem
1371 1941 1701 2007 pervademm.

274 2043 297 2066 «
321 2025 485 2087 Itaque
504 2020 586 2069 fiet
609 2031 661 2068 ut
680 2021 808 2069 cives
830 2030 912 2068 aut
934 2020 1177 2086 capiamus
1201 2029 1283 2067 aut
1307 2018 1655 2086 propulsemus.
1680 2039 1704 2064 n

273 2103 458 2168 florum
505 2099 776 2147 Adelelmus
806 2098 1028 2147 credulus
1052 2133 1065 2156 ‚
1113 2096 1251 2145 dictis
1285 2096 1526 2144 suadentis
1564 2095 1702 2145 favet.

275 2178 437 2226 Scelus
480 2194 593 2243 ergo
639 2186 1003 2243 attemptaturus
1030 2212 1044 2236 ‚
1083 2175 1252 2223 urbem
1295 2185 1557 2223 nocturnus
1598 2190 1708 2223 cum

276 2255 545 2322 ingentibus
573 2256 723 2321 copiis
749 2256 884 2321 petit.
905 2254 1114 2302 Clericus
1129 2253 1246 2301 nulli
1264 2254 1312 2300 in
1335 2250 1454 2300 urbe
1471 2252 1594 2301 male
1611 2268 1712 2301 cre-

278 2335 445 2395 dulus,
481 2333 662 2381 facinus
694 2332 982 2400 patrandum
1011 2333 1059 2380 in
1084 2332 1193 2380 loco
1222 2329 1573 2397 opperiebatur.
1603 2332 1713 2389 Quo

284 2411 550 2461 Adelelmus
564 2410 795 2460 accedens
811 2448 824 2471 ‚
846 2411 908 2458 ab
925 2428 984 2458 eo
1010 2427 1122 2458 cum
1141 2411 1237 2457 suis
1250 2419 1472 2475 exceptus
1485 2418 1578 2468 est3
1600 2407 1716 2456 deri-

332 2544 350 2563 *
377 2542 466 2584 ctio,
487 2540 599 2583 comi,
616 2540 718 2582 cleri,
740 2540 817 2582 vio,
842 2548 944 2586 peten
957 2566 966 2581 ,
986 2548 1021 2573 ω
1045 2552 1085 2575 es
1101 2540 1237 2584 conjece.

337 2598 346 2617 '
375 2597 446 2631 Ubi
465 2608 546 2631 cum
563 2608 622 2630 rex
643 2595 722 2630 urbi
739 2594 876 2629 tuenda:
892 2594 1079 2629 necessaria
1095 2592 1286 2628 ordinaret.
1305 2605 1345 2626 ac
1365 2592 1400 2626 in
1417 2591 1574 2639 predicti
1590 2592 1717 2627 tiranni

289 2655 400 2688 labem
431 2654 498 2688 alia
523 2651 619 2700 apud
651 2652 836 2698 Hugonem
864 2650 1076 2698 disponeret.
1098 2662 1139 2684 ac
1170 2648 1214 2683 de
1245 2649 1423 2695 episcopio
1449 2661 1481 2682 e.
1505 2650 1550 2683 N.
1569 2660 1601 2683 c.
1623 2661 1655 2683 e.
1678 2648 1716 2687 d.

288 2709 508 2751 deliberaret,
526 2716 590 2742 etc.
612 2710 645 2742 1.

337 2767 351 2786 ¹
378 2779 413 2812 p.
438 2765 487 2799 illi
504 2765 607 2799 etiam
630 2777 656 2796 s.
682 2777 717 2810 p.
747 2766 776 2796 ¹.
