1962 3262
557 591 812 651 LIBER
875 593 1339 652 SECUNDUS.

443 887 470 919 l.
496 904 543 912 --
563 886 777 921 Gallorum·
798 886 1003 922 deliberatio
1018 889 1039 909 θ
1059 886 1104 922 de
1125 888 1232 935 rege'
1257 888 1453 923 creando‘.

296 1001 407 1046 Post
430 1000 564 1063 cujus
596 1002 842 1066 exequias,
881 1001 1119 1068 principes
1144 1003 1192 1050 in
1217 1001 1403 1050 diversa
1425 1001 1664 1051 duceban-

232 1086 323 1136 tur,
355 1077 595 1143 finemque
623 1078 847 1145 petebant
873 1080 1087 1127 varium:
1131 1079 1254 1128 Galli
1286 1097 1494 1146 namque
1523 1080 1663 1130 Celtae

230 1171 341 1202 cum
360 1156 624 1220 Aquitanis,
654 1159 903 1222 Hugonem
929 1156 1141 1205 Rotberti
1164 1158 1284 1222 regis
1307 1156 1459 1205 fllium
1473 1192 1487 1218 ,
1515 1156 1663 1224 Belgae

231 1249 343 1280 vero
377 1234 672 1282 Ludovicuun
709 1234 869 1282 Karoli
902 1234 1236 1300 sequebantur.
1265 1237 1484 1294 Quorum
1507 1235 1662 1284 neutri

228 1310 543 1359 commoditas
558 1311 720 1360 aderat
737 1313 993 1377 regnandi,
1014 1329 1126 1361 cum
1142 1316 1280 1379 Hugo
1294 1323 1479 1380 patrem
1502 1313 1569 1362 ob
1592 1314 1662 1362 in-

229 1388 480 1437 solentiam
513 1390 704 1456 periisse
734 1391 1140 1452 reminiscebatur,
1168 1401 1216 1440 et
1243 1391 1309 1440 ob
1338 1391 1433 1440 boc
1464 1409 1662 1458 regnare

231 1466 527 1528 formidaret,
554 1479 604 1517 et
625 1468 892 1517 Ludovicus
916 1470 966 1517 in
990 1469 1203 1536 partibus
1228 1469 1430 1534 Anglioee
1453 1486 1661 1520 morare-

231 1555 323 1605 tur,
351 1563 410 1594 eo
439 1545 573 1611 quod
596 1545 706 1594 illuc
732 1545 915 1594 delatus
938 1546 1091 1596 infans
1108 1546 1169 1594 ad
1187 1546 1474 1595 avunculum
1506 1547 1663 1597 Adels-

230 1634 395 1671 tanum
420 1641 580 1689 regem
610 1624 771 1685 fuerit,
801 1624 867 1672 ob
897 1624 1109 1688 Hugonis
1134 1634 1183 1672 et
1206 1623 1437 1672 Heriberti
1461 1625 1661 1673 insecta·

232 1700 434 1761 tionem,
456 1718 516 1749 eo
540 1701 672 1767 quod
705 1702 794 1768 ipsi
825 1712 1010 1767 patrem
1033 1702 1134 1766 ejus
1157 1702 1630 1768 comprehendissent
1644 1738 1657 1761 ,

230 1795 285 1826 ac
309 1780 486 1827 carceri
504 1780 765 1827 trusissent.
794 1778 916 1827 Galli
943 1780 1101 1845 itaque
1131 1781 1179 1827 in
1209 1782 1328 1845 regis
1356 1781 1662 1847 promotione

230 1855 471 1905 liberiores
490 1857 639 1905 videri
652 1856 922 1905 laborantes
937 1893 950 1918 ,
969 1857 1059 1905 sub
1076 1861 1276 1923 Hugone
1293 1858 1417 1907 duce
1433 1858 1662 1907 delibera-

230 1935 320 1982 turi
345 1935 406 1983 de
431 1952 539 2000 rege
555 1935 764 1983 creando
787 1935 972 1984 collecti
988 1946 1113 1983 sunt.

292 2069 537 2104 ll.—Oratio
557 2068 774 2116 Hugonis’'
791 2068 948 2104 ducis„
970 2068 1016 2104 ad
1039 2069 1220 2104 Gnllonss
1244 2081 1310 2117 pro
1331 2068 1588 2104 Μανίου...

292 2167 511 2223 Quorum
547 2165 732 2214 medius
760 2166 856 2214 dux
893 2176 1004 2232 post
1032 2165 1229 2214 multam
1261 2165 1655 2234 consultationem

226 2242 287 2289 ad
312 2242 511 2290 multam
535 2242 903 2291 benivolentiam
928 2244 1140 2291 animum
1157 2243 1435 2303 intendens,
1457 2244 1523 2291 sic
1539 2260 1657 2310 prae-

229 2320 413 2368 locutus
429 2321 493 2368 ait
515 2340 525 2367 z
550 2341 572 2365 «
599 2321 772 2369 Karolo
792 2339 900 2387 rege
923 2322 1175 2371 miserabili
1199 2322 1387 2370 fortuna
1403 2321 1652 2382 defuncte,

229 2421 249 2442 α
273 2400 371 2447 sive
394 2398 444 2447 id
467 2416 528 2448 eo
556 2411 880 2466 promerente,
909 2402 1007 2449 sive
1030 2401 1203 2449 nostris
1232 2400 1422 2465 flagiciis
1447 2401 1548 2466 ipsa
1581 2401 1657 2448 Di-

230 2499 251 2520 «
276 2478 477 2525 vinitate‘
495 2476 791 2543 indignante,
821 2480 858 2526 si
886 2479 1001 2544 quid
1027 2496 1053 2527 a
1081 2478 1292 2546 patribus
1315 2489 1362 2526 et
1387 2478 1655 2545 nobisipsis

230 2577 250 2598 u
275 2555 535 2604 admissum
586 2566 655 2603 est
706 2573 804 2621 quo
857 2557 1120 2604 Divinitatis
1165 2557 1379 2620 majestas
1421 2556 1525 2604 lausa
1565 2557 1651 2615 sit,

251 2678 290 2700 '⁶
316 2693 439 2722 orum,
460 2689 533 2723 rat,
555 2693 616 2728 ge,
638 2680 686 2715 do
702 2694 741 2713 η
764 2683 899 2727 conjece.

272 2742 317 2758 '⁹
347 2737 422 2779 Hu,
442 2739 509 2781 ὄις,
533 2751 592 2779 os,
614 2738 716 2772 ovico
738 2752 775 2771 a
798 2740 932 2783 conju-1.
