1962 3262
306 230 360 267 9ss
819 226 1042 269 menam
1073 228 1169 269 Lm.
1203 229 1236 268 1.

305 308 606 373 magnatibus
629 323 775 410 super
791 308 991 356 fluvium
1009 310 1279 374 Sequanam
1304 307 1585 359 adversariis
1609 311 1747 361 indu·

305 388 383 434 cit.
409 391 462 434 At
478 387 687 453 pyratae'
711 386 912 434 renisuri
931 385 1263 448 obvenientes,
1281 402 1309 434 a
1323 386 1533 435 Gallisin
1545 403 1631 437 sua
1646 404 1749 438 cu-

306 475 375 511 tra
406 463 563 512 redire
590 464 741 512 coacti
769 473 897 512 sunt.
934 462 1057 512 Galli
1082 464 1312 530 fugientes
1340 465 1556 525 insecuti,
1585 466 1748 515 casui:

307 543 466 606 ignem
494 541 766 601 inmittunt,
805 542 1141 608 congressique
1169 540 1438 590 vehementi
1466 542 1743 604 conamine,

306 621 456 668 victos
473 629 707 668 sternunt.
726 622 783 668 At
798 619 876 668 alii
895 619 1005 686 fuga
1018 619 1244 687 pedestri,
1259 618 1337 667 alii
1354 619 1574 687 profugio
1591 619 1746 670 navali

306 699 452 766 elapsi
476 709 612 758 sunt,
641 697 718 745 alii
745 715 857 746 cum
879 699 1043 746 castris
1063 698 1302 759 succensi,
1321 697 1397 746 alii
1423 697 1547 746 ferro
1571 697 1634 746 ad
1658 698 1747 747 tria

305 777 434 825 milia
454 777 683 825 interfecti
698 787 824 825 sunt.
842 779 977 835 Quos
989 794 1104 825 vero
1120 777 1228 842 fuga
1240 777 1505 842 exagitavit,
1528 786 1639 842 post
1651 776 1747 826 col·

305 856 429 913 lecti,
446 855 658 920 quodam
679 871 768 902 suo
793 854 976 921 oppido
995 871 1131 903 secus
1149 871 1279 903 mare
1298 855 1389 903 sito
1407 854 1592 903 collecti
1611 865 1738 903 sunt.

305 934 390 979 Cui
409 934 550 979 etiam
572 936 709 996 Augae
725 949 903 980 nomen
917 942 1031 981 erat.

542 1540 582 1574 L.
600 1560 648 1567 —
666 1539 823 1575 nononis
838 1549 970 1588 pyrate
989 1540 1147 1576 intes-inu
1161 1552 1374 1588 suorumque
1390 1542 1504 1577 mim.

370 1654 588 1708 Quorum
624 1652 845 1718 princeps
876 1651 1012 1699 Rollo
1044 1651 1385 1700 sufficientibus
1419 1654 1569 1720 copiis
1599 1656 1738 1721 oppi-

301 1728 419 1775 dum
437 1728 656 1794 implens,
676 1729 804 1777 bello
819 1746 921 1777 sese
938 1730 1182 1778 manifeste
1199 1731 1396 1796 paravit.
1421 1733 1518 1779 Rex
1537 1731 1648 1779 inde
1673 1732 1740 1780 di-

302 1822 509 1870 gressuS,
529 1807 787 1855 exercitum
804 1809 1085 1873 provocanti
1106 1808 1245 1855 insert
1258 1844 1271 1867 ,
1291 1809 1518 1873 congredi
1537 1825 1638 1857 non
1653 1809 1739 1857 dif-

303 1883 473 1931 ferens.
491 1884 737 1951 Oppidum
762 1901 1005 1950 aggressus
1025 1896 1111 1933 est.
1133 1888 1191 1933 Et
1211 1885 1462 1934 obsidione
1484 1885 1733 1952 disposita,

302 1961 478 2010 vallum
497 1978 596 2027 quo
614 1962 909 2028 cingebatur,
934 1964 1168 2030 irrumpit.
1194 1968 1345 2029 Atque
1369 1964 1435 2011 sic
1461 1964 1639 2012 tirones
1654 1981 1737 2031 pe·

299 2039 506 2087 ribolum
535 2041 911 2090 conscendentes
926 2079 939 2103 ,
970 2032 1266 2091 adversarios
1283 2042 1567 2108 pervadunt,
1600 2043 1736 2110 oppi-

298 2118 460 2183 doque
483 2121 620 2185 potiti
640 2120 679 2181 ²,
710 2137 864 2168 mares
882 2138 1051 2169 omnes
1064 2122 1327 2182 trucidant,
1344 2121 1530 2170 feminis
1551 2122 1736 2171 intactis

298 2208 499 2263 parcunt
515 2235 527 2256 ,
562 2199 797 2265 oppidum
836 2200 1033 2248 diruunt
1068 2211 1210 2266 atque
1246 2199 1552 2257 comburunt.
1590 2201 1736 2265 Cujus

299 2276 530 2324 incendiis
555 2294 663 2325 aere
690 2278 888 2326 densato
925 2295 980 2326 ac
1013 2279 1278 2344 denigrato,
1307 2280 1356 2326 in
1389 2288 1506 2327 tetra
1537 2277 1735 2344 caligine

299 2354 517 2402 nonnulli
534 2348 807 2416 evadentes,
825 2356 1075 2404 finitimam
1091 2356 1333 2422 quandam
1348 2365 1587 2422 occupant
1610 2356 1736 2403 insu·

298 2433 408 2480 lam.
426 2436 560 2492 Quos
583 2434 685 2482 sine
703 2434 933 2483 dilatione
950 2437 1182 2483 exercitus
1204 2451 1448 2501 aggressus
1464 2433 1660 2500 appetit,
1677 2450 1733 2482 ac

297 2511 450 2559 navali
476 2529 634 2578 pugna
661 2513 809 2560 victos
827 2514 1070 2579 opprimit.
1098 2518 1299 2579 Pymtae,
1319 2514 1423 2560 vitae
1450 2528 1584 2577 spem
1601 2511 1734 2560 amit·

346 2640 353 2658 ,
575 2640 582 2647 .

341 2696 355 2714 ‘¹
381 2642 753 2740 gffazffxgnllssmnn
771 2697 902 2731 effossis
919 2696 1101 2743 suggillant
1118 2696 1266 2742 laoecjam
1279 2723 1287 2736 ,
1309 2696 1395 2730 linea
1412 2693 1571 2729 subduce-
1582 2719 1594 2733 ‚
1622 2691 1729 2726 debu
