1962 3262
350 306 427 344 172
841 302 1061 343 ment-381
1096 301 1191 342 Lm.
1225 301 1280 342 u.

340 385 631 450 praecipuum
668 383 911 431 oblivione
942 385 1310 449 praetermissum
1343 382 1607 431 auditurus.
1643 385 1777 433 Navi-

340 460 447 508 cula
470 477 585 526 ergo
614 460 840 509 advectus
862 477 973 508 cum
999 462 1186 527 paucis,
1218 460 1319 509 aliis
1343 461 1392 508 in
1417 459 1586 526 pelago
1609 476 1777 528 expec-

339 538 577 599 tantibus,
606 538 839 603 conjurati
866 538 1032 603 gladiis
1062 538 1246 586 eductis
1268 539 1513 587 incautum
1534 537 1803 588 adolium·-

340 627 432 663 tur.
470 618 518 665 Si
557 633 672 664 vero
707 627 926 681 equester
958 617 1204 665 adveniret
1220 653 1232 677 ,
1271 627 1380 683 post
1412 616 1597 665 consilii
1629 614 1777 667 finem

341 694 535 743 Arnulfo
559 694 794 759 digresse,
833 695 1009 759 illoque
1046 694 1321 754 recedente,
1352 696 1587 760 conjurati
1611 695 1778 745 identi-

341 771 454 819 dem
485 788 596 820 eum
633 782 930 837 repeterent,
970 789 1197 837 magnum
1223 773 1455 839 quiddam
1481 790 1583 822 sese
1607 773 1776 823 affene

339 849 635 909 simulantes,
658 850 943 915 quibusdam
962 850 1104 898 etiam
1121 850 1252 898 seriis
1270 851 1472 898 accitum
1487 850 1772 911 detinerent,

338 926 495 975 donec
530 928 711 975 cunctis
745 927 1065 993 praeeuntibus
1094 937 1333 976 extremus
1365 939 1627 978 retrorsum
1653 930 1777 979 inoe-

339 1004 487 1053 deret.
507 1008 663 1064 Quem
676 1005 835 1052 adorsi
848 1005 1014 1070 gladiis
1028 1022 1128 1053 non
1147 1005 1304 1053 minus
1320 1005 1769 1056 transverberarent.

340 1084 686 1149 Insurgentium
714 1100 827 1131 vero
851 1083 1110 1149 piratarum
1143 1083 1240 1130 vim
1272 1083 1552 1143 evaderent,
1577 1083 1618 1132 si
1639 1085 1775 1152 equis

339 1161 581 1209 velocibus
601 1163 748 1228 rapti,
771 1161 831 1209 ad
851 1161 1102 1209 dominum
1127 1178 1238 1208 cum
1257 1161 1407 1227 copiis
1425 1160 1774 1227 praestolantem

341 1239 633 1303 transfugere
674 1240 997 1305 tempestivius
1038 1239 1379 1299 accelerarent3
1414 1240 1591 1305 piratas
1630 1240 1777 1291 etiam

341 1326 453 1364 tunc
488 1317 606 1365 nihil
642 1317 771 1365 aliud
808 1334 954 1382 quam
986 1327 1067 1364 aut
1101 1318 1259 1381 fugam
1291 1317 1663 1379 acceleraturos,
1692 1329 1779 1368 aut

339 1394 522 1442 domini
542 1397 787 1460 exsequias
804 1405 1158 1460 procuraturos.
1178 1396 1349 1460 Sicque
1367 1395 1543 1444 {aetiam
1558 1406 1701 1456 esset,
1720 1407 1775 1446 ut

340 1473 533 1520 Arnulfo
558 1474 806 1538 ignorante
841 1490 900 1520 eo
924 1472 1057 1537 quod
1092 1472 1263 1520 absens
1286 1482 1429 1531 esset,
1459 1483 1645 1523 tantum
1668 1474 1775 1524 fani-

338 1566 427 1597 nus
445 1561 682 1616 patratum
706 1551 963 1598 videretur.

678 1704 853 1738 xxxin.
870 1722 920 1730 —
933 1703 1095 1738 wilelmi
1110 1702 1210 1738 ducis
1225 1703 1432 1738 interfectio.

404 1809 560 1872 Legati
580 1809 739 1873 itaque
756 1808 948 1868 directi,
969 1807 1263 1873 colloquium
1282 1818 1450 1875 petunt
1468 1817 1515 1856 et
1530 1810 1765 1876 optinent.

334 1888 539 1952 Tempus
563 1896 671 1952 post
694 1885 795 1934 dies
814 1886 1000 1951 triginta
1019 1885 1175 1933 datur.
1196 1889 1349 1933 Locus
1365 1902 1560 1952 quoque
1577 1886 1627 1935 in
1643 1903 1769 1955 pago

339 1964 640 2013 Ambianensi
669 1982 804 2013 secus
831 1965 1029 2013 fluvium
1048 1966 1293 2012 Summam
1310 1963 1391 2012 ubi
1410 1974 1480 2013 est
1497 1963 1652 2016 insula
1666 1965 1775 2016 Pin-

335 2042 505 2091 chinea
522 2043 817 2091 conceditur.
842 2044 1136 2108 Negotioque
1154 2053 1346 2110 peracto
1361 2079 1373 2103 ,
1397 2042 1535 2108 legati
1548 2041 1769 2092 redeunt.

335 2123 568 2187 Tempore
603 2139 717 2187 ergo
750 2123 1032 2182 constituto,
1080 2121 1300 2169 Arnulsus
1333 2131 1485 2182 terra,
1523 2120 1774 2170 Wilelmus

334 2207 458 2263 aqua
482 2199 531 2246 in
558 2199 718 2247 locum
741 2200 1030 2249 destinatum
1054 2200 1361 2247 conveniunt.
1393 2202 1457 2248 Ac
1473 2199 1535 2248 de
1559 2198 1774 2248 amicicia

336 2276 566 2337 multum,
593 2277 853 2342 plurimum
886 2277 947 2325 de
983 2276 1078 2325 fide
1109 2278 1348 2343 utrimque
1370 2277 1605 2326 servanda
1627 2277 1775 2327 collo-

334 2355 430 2402 cuti
454 2364 594 2415 sunt,
621 2365 764 2420 atque
787 2365 895 2422 post
919 2354 1179 2403 nonnullos
1213 2372 1457 2404 sermones
1480 2372 1509 2403 a
1531 2373 1584 2404 se
1605 2356 1774 2405 soluti.>

337 2432 557 2480 Amulius
592 2433 797 2482 reditum
830 2433 1080 2493 simulans,
1117 2433 1456 2500 aliquantisper
1487 2433 1764 2499 digreditur.

337 2509 586 2559 Wilelmus
621 2528 737 2560 vero
771 2511 833 2559 ad
874 2511 1073 2559 classem
1108 2511 1270 2572 rediit,
1308 2511 1671 2578 naviculamque
1681 2513 1772 2561 ,in-

333 2606 519 2652 gressus
542 2589 660 2638 dum
684 2607 771 2657 per
786 2589 980 2656 pelagus
998 2589 1239 2654 navigaret
1252 2625 1265 2650 ,
1290 2606 1318 2637 a
1336 2590 1592 2654 conjuratis
1614 2589 1771 2648 multo

332 2669 530 2734 strepitu
550 2669 565 2693 ⁴
604 2669 884 2717 inclamatus
898 2705 910 2727 ,
945 2684 1138 2734 proram
1170 2667 1390 2716 obvertit.
1422 2668 1767 2734 Remigansque

379 2811 389 2829 ¹
417 2812 569 2847 clamore
588 2816 619 2846 Ι,
