1962 3262
317 309 394 348 168
803 305 1023 346 mcnssnl
1054 304 1153 346 mn.
1188 305 1245 347 ΙΙ.

314 385 554 435 cervicalis
587 389 704 434 Otto
737 385 939 434 editiore
953 422 966 445 ,
1013 403 1093 434 rex
1128 402 1243 434 vero
1282 387 1330 433 in
1370 395 1505 451 pane
1536 394 1744 434 οιῑηιιιι

315 464 541 512 humilior
586 462 835 512 residebat.
883 466 936 511 ln
975 480 1182 529 quorum
1222 473 1476 529 prospectu
1519 465 1658 529 Hugo
1697 471 1745 511 et

315 541 536 589 Arnulsus
574 540 761 590 duabus
800 540 1059 589 residentes
1096 540 1246 602 sellis,
1296 540 1479 589 consilii
1524 539 1746 589 ordinem

314 617 664 685 exspectabant.
705 617 954 666 Wilelmus
992 618 1114 683 regis
1151 619 1371 683 injuriam
1404 635 1504 666 non
1534 632 1702 686 passus
1729 636 1741 665 ε

315 718 342 743 ι(
362 700 452 758 An,
475 715 500 741 ι»
532 697 701 761 inquit,
732 715 756 741 «
773 695 848 743 his
874 696 1099 745 interesse
1114 714 1213 745 non
1230 697 1403 745 debui?
1423 696 1747 752 Desertorisne

315 773 552 822 dedecore
593 772 849 838 aliquando
890 772 1091 821 sordui?
1133 793 1157 818 υ
1201 774 1520 839 Fervidusque
1555 772 1748 841 propin·

316 868 470 917 quans
492 870 503 899 :
536 853 769 916 «Surge,»
796 851 972 916 inquit,
1003 871 1026 896 α
1046 850 1293 918 paululum
1316 850 1426 900 rex!
1455 872 1479 896 »
1507 854 1616 910 Quo
1634 868 1748 902 mox

317 940 561 995 surgente,
597 930 697 995 ipse
731 929 932 988 resedit,
960 929 1172 994 dixitque
1204 928 1430 977 indecens
1462 946 1564 978 esse
1588 946 1748 994 regem

316 1008 615 1068 inferiorem,
654 1007 800 1055 alium
824 1025 938 1055 vero
962 1006 1222 1072 quemlibet
1252 1008 1546 1074 superiorem
1575 1007 1743 1056 videri.

318 1088 621 1152 Quapropter
650 1095 872 1151 oportere
906 1087 1134 1132 Ottonem
1168 1084 1279 1132 inde
1305 1085 1519 1146 amoliri,
1555 1087 1749 1152 regique

319 1164 504 1212 cedere.
534 1166 648 1211 Otto
672 1163 859 1228 pudore
883 1162 1076 1210 affectus
1093 1163 1266 1227 surgit,
1294 1178 1349 1210 ac
1369 1163 1465 1227 regi
1489 1163 1629 1212 cedit.
1653 1166 1749 1213 Rex

321 1243 479 1307 itaque
503 1242 744 1307 superior,
772 1251 820 1288 at
843 1240 1092 1288 Wilelmus
1117 1239 1310 1287 inferior
1332 1239 1668 1289 consederunt.

324 1503 523 1539 xxx1.—
538 1505 623 1539 Otto
650 1505 814 1552 injuriam
839 1505 903 1540 sub
928 1506 1042 1553 specie
1065 1504 1148 1540 fidei
1176 1504 1346 1541 habend-
1371 1504 1585 1548 dianium,
1609 1505 1752 1552 ejnqu

933 1561 1148 1607 conquestio.

389 1671 504 1715 Otto
532 1669 722 1734 penitus
757 1668 977 1733 injuriam
1007 1665 1334 1726 dissimulanS,
1368 1665 1540 1714 baculo
1563 1665 1752 1713 innixus

324 1755 481 1812 coepto
505 1746 697 1810 negotio
722 1744 869 1792 finem
892 1744 1007 1793 dare
1035 1744 1207 1792 stando
1231 1743 1484 1810 satagebat.
1526 1747 1590 1791 Ac
1616 1742 1755 1791 ratio·

324 1823 465 1889 nibus
500 1822 844 1883 determinatis,
884 1839 966 1871 rex
1005 1839 1117 1870 cum
1157 1821 1509 1870 consultoribus
1557 1837 1754 1887 surgens

323 1900 576 1967 egreditur.
622 1903 737 1949 Otto
778 1900 998 1965 injuriam
1031 1901 1042 1925 ⁶
1091 1898 1300 1948 Wilelmi
1342 1899 1754 1954 vehementissime

324 1977 626 2041 dissimulans
640 2013 654 2038 ,
687 1977 816 2044 apud
849 1994 960 2025 eum
985 1977 1046 2026 de
1070 1977 1182 2026 fidei
1206 1978 1469 2027 constantia
1500 1977 1624 2026 inter
1651 1993 1755 2026 sese

325 2056 557 2104 servanda
581 2055 841 2122 plurimum
863 2055 1114 2103 consultat.
1146 2055 1284 2104 Unde
1307 2066 1355 2103 et
1379 2064 1666 2121 conceptum
1693 2054 1757 2103 fa-

325 2135 482 2195 cinus,
519 2134 659 2181 variis
683 2133 942 2184 verborum
971 2133 1212 2181 coloribus
1235 2133 1439 2182 obvelat.
1466 2131 1652 2192 Quibus
1673 2149 1757 2200 pe·

326 2214 487 2272 raetis,
510 2229 591 2260 rex
610 2229 722 2259 cum
738 2211 963 2260 Wilelmo
981 2211 1042 2259 ad
1061 2228 1144 2259 sua
1162 2222 1355 2259 remeat.
1378 2214 1493 2259 Otto
1509 2227 1626 2259 vero
1643 2226 1755 2259 cum

327 2294 528 2356 Hugone
561 2299 610 2337 et
650 2289 845 2337 Arnulso
886 2289 1137 2337 consilium
1171 2289 1448 2350 conferens,
1492 2288 1554 2337 de
1585 2287 1757 2353 injuria

327 2368 532 2432 irrogata
578 2367 707 2455 apud
765 2365 872 2414 illos
927 2367 1128 2435 amplius
1174 2366 1580 2434 conquerebatur,
1635 2366 1757 2415 ultra

327 2461 517 2511 aequum
541 2454 589 2493 et
607 2445 685 2510 jus
709 2462 810 2493 sese
834 2455 1045 2512 spretum
1070 2462 1366 2507 memorans,
1393 2462 1449 2494 ac
1465 2461 1629 2494 coram
1645 2441 1759 2492 ami·

329 2523 396 2571 cis
419 2540 448 2571 a
471 2522 663 2571 sedibus
686 2533 928 2583 amotum;
955 2524 1134 2572 amicos
1158 2541 1272 2590 ergo
1289 2525 1497 2591 compati
1514 2532 1753 2591 oportere,

330 2611 377 2653 et
407 2601 546 2651 amici
577 2601 798 2666 injuriam
821 2619 956 2650 suam
980 2601 1155 2650 debere
1178 2601 1409 2650 arbitrari.
1442 2601 1514 2650 Ab
1545 2602 1614 2650 eis
1642 2617 1758 2666 quo·

330 2697 424 2744 que
459 2690 639 2728 tantam
672 2679 970 2728 insolentiam
995 2697 1299 2746 summopere
1323 2678 1646 2746 repellendam
1667 2678 1760 2727 aie-

379 2817 387 2837 ⁸
415 2817 683 2851 benivolentiam
702 2819 734 2851 ¹.
