1962 3262
304 209 354 249 ⁴⁴
810 210 1023 253 memmi
1057 212 1155 252 ΗΒ.
1191 214 1225 254 l.

301 304 424 342 cant.
450 294 694 360 Utrimque
713 294 802 343 susi
819 296 1155 361 procumbunt.
1179 298 1477 346 Winemarus
1494 307 1730 366 Μιαρο-

301 372 499 419 litanum
536 371 754 433 adortus,
787 372 948 422 lancea
990 375 1220 423 inermem
1264 375 1518 440 transfigit⁰
1539 411 1551 434 ‚
1587 385 1730 442 atque

300 452 421 498 inter
438 467 550 498 suos
567 460 749 517 septem
774 451 1046 500 vulneribus
1071 454 1330 501 sauciatum
1349 454 1619 519 praecipitat.
1640 453 1727 502 Cui

298 545 410 576 cum
445 527 602 576 adhuc
632 529 750 576 ictus
783 530 1070 589 intenderet,
1113 530 1310 596 quidam
1350 548 1548 579 suorum
1577 530 1727 579 multo

297 606 507 673 episcopi
541 623 704 655 amore
737 607 890 668 ducti,
928 626 1070 675 super
1105 625 1216 657 eum
1258 608 1596 675 procumbunt.
1633 610 1727 668 Qui

297 699 408 731 cum
423 700 483 732 eo
501 700 614 732 mox
629 684 838 733 transfixi
850 695 992 751 atque
1006 687 1148 735 occisi
1166 696 1292 735 sunt.
1312 690 1529 748 Qusmor
1544 696 1727 736 tannim

297 759 404 825 fuga
426 760 700 821 labuntur',
728 762 810 827 qui
836 762 903 810 rei
928 764 1171 828 negotium
1197 765 1353 812 Remis
1376 763 1721 814 demonstrant.

294 840 426 886 Tunc
450 855 563 886 vero
589 855 760 904 magna
784 839 986 887 militum
1012 857 1205 901 manus,
1231 841 1294 890 ab
1326 841 1443 890 urbe
1467 858 1580 890 mox
1614 859 1725 891 cum

294 917 437 964 annis
469 916 661 977 educta,
699 917 993 966 adversarios
1026 921 1246 986 persequi
1281 931 1495 968 conatur.
1538 921 1632 970 Sed
1658 923 1726 971 eis

294 993 485 1060 elapsu,
525 994 778 1043 dominum
808 997 1019 1044 occisum
1042 1013 1154 1045 cum
1178 998 1275 1045 suis
1302 997 1554 1063 colligunt,
1581 1008 1725 1065 nque

295 1071 446 1119 multo
473 1072 654 1121 doloris
682 1072 892 1122 lamento
927 1076 1100 1122 Remos
1125 1074 1404 1141 deportant,
1434 1091 1548 1124 cum
1577 1091 1727 1126 steen*-

293 1149 486 1198 dotibus
516 1151 812 1200 sacerdotem
840 1151 1048 1217 plurimo
1085 1151 1325 1215 dignitatis
1349 1169 1381 1199 ο
1534 1153 1544 1163 “
1614 1170 1726 1202 con-

293 1227 472 1276 dentes.

675 1580 815 1616 xvm.
832 1600 880 1608 —
894 1579 1129 1615 W’memsfi’
1145 1580 1350 1615 inm-itm*-

354 1692 537 1737 lnterea
571 1689 779 1738 collectis
812 1689 942 1755 apud
979 1706 1139 1754 regem
1171 1689 1429 1754 episcopis,
1470 1685 1580 1735 talia
1608 1701 1721 1735 mox

291 1766 571 1815 referuntur.
588 1767 734 1826 Quod
745 1768 889 1816 etiam
902 1766 1128 1815 omnibus
1145 1766 1347 1814 nimium
1362 1765 1510 1813 animi
1526 1764 1722 1813 incussit

290 1841 524 1892 dolorem.
555 1845 681 1894 Rex
668 1860 769 1910 ipse
785 1845 835 1892 in
850 1843 1066 1892 lacrimas
1083 1844 1364 1902 dissolutus,
1383 1843 1445 1891 de
1466 1858 1580 1890 casu
1602 1857 1720 1908 pon-

290 1918 456 1968 tificis'
484 1919 606 1970 adeo
629 1931 918 1987 conquestus
941 1931 1026 1970 est.
1050 1922 1271 1988 Episcopi
1288 1936 1483 1987 quoque
1499 1920 1549 1968 in
1565 1917 1720 1967 frenis

290 2008 445 2047 morte
482 2009 530 2048 et
569 1999 867 2066 coepiscopi,
901 1999 1050 2048 multa
1092 1997 1504 2048 commiseratione
1542 1995 1719 2055 condo-

289 2074 434 2126 luere.
456 2077 675 2142 Initoque
691 2076 890 2126 consilio
902 2113 915 2137 ‚
937 2077 1267 2125 Winemarum
1282 2092 1395 2124 cum
1409 2073 1507 2124 suis
1522 2071 1719 2139 compli-

288 2154 439 2216 cibus,
457 2154 674 2203 horribili
691 2154 990 2204 anathesnnoe
999 2155 1245 2204 damnant.
1268 2155 1363 2214 Qui
1378 2154 1430 2203 in
1452 2152 1587 2201 brevi
1601 2149 1718 2200 defi·

289 2233 440 2294 ciens,
467 2232 717 2282 insanabili
738 2232 934 2301 ydropis
965 2231 1137 2282 morbo
1170 2249 1199 2281 a
1223 2235 1324 2282 Deo
1351 2246 1602 2298 percussus
1625 2239 1711 2278 est.

289 2313 466 2361 Ventre
489 2312 647 2378 itaque
682 2311 923 2377 turgidus,
960 2311 1162 2361 exterius
1189 2309 1385 2376 quidem
1419 2308 1550 2356 lento
1582 2307 1714 2374 igne,

290 2389 486 2438 interius
498 2405 614 2438 vero
630 2389 827 2439 immani
850 2389 1074 2439 incendio
1098 2388 1337 2439 urebatur.
1367 2390 1537 2452 Ingens
1559 2396 1719 2436 mutor

337 2561 355 2577 ⁶
382 2569 419 2599 e,
438 2556 476 2592 in
490 2557 629 2592 abscisa.

338 2612 348 2632 ⁸
377 2612 660 2660 magum-ies.

335 2669 351 2689 ¹
375 2669 502 2717 ereptis
519 2672 551 2704 ¹.

336 2725 350 2744 ⁸
375 2725 477 2760 amici
493 2739 576 2760 corr.
595 2726 783 2773 pontificis.
