1962 3262
330 276 410 318 250
827 269 1046 315 menam
1078 269 1179 311 Lm.
1213 268 1272 312 n.

328 354 539 407 discusse
566 362 704 414 sunt,
739 354 996 418 nugonem
1031 351 1277 401 tirannum
1312 348 1617 403 anathemate
1636 348 1773 404 dun-

327 442 474 511 nant²
488 442 537 481 et
553 446 582 480 a
599 440 764 481 sancta
785 429 996 480 aecclesia
1010 429 1197 497 pellunt
1214 465 1229 490 ,
1270 428 1364 478 nisi
1387 427 1669 495 mapinium
1685 427 1774 479 do·

331 510 466 558 mino
498 526 589 558 suo
623 509 893 569 satisfaciat,
930 518 1015 557 aut
1043 510 1247 556 Romam
1270 522 1361 573 pro
1378 506 1454 554 sui
1472 503 1775 558 absolutione

330 586 461 654 apud
496 586 735 635 domnum
776 602 954 654 papam
986 586 1353 634 ratiocinaturus
1386 594 1535 652 petat.
1582 586 1641 633 ln
1672 598 1775 651 qun

328 666 472 714 etiam
490 665 683 725 sinodo,
704 665 860 731 agitur
892 664 956 713 de
990 664 1228 732 episcopis
1258 662 1343 728 qui
1376 678 1490 710 cum
1513 661 1640 711 duce
1660 676 1778 712 evo·

329 743 423 793 cati
441 744 595 805 fixere,
635 754 683 793 et
699 743 987 792 distulerunt
1008 743 1196 803 venire,
1229 741 1292 791 de
1309 742 1366 789 iis
1389 741 1535 789 etiam
1557 740 1643 806 qui
1658 755 1777 789 oon-

331 823 585 871 secrationi
609 821 824 888 Hugonis
856 821 1070 888 episcopi
1089 820 1190 886 jam
1213 818 1421 868 abdicati
1449 819 1609 868 illicite
1633 819 1777 869 inter-

332 901 553 961 flierunt,
595 900 671 950 vel
712 901 796 966 qui
822 899 884 949 ab
914 900 1020 967 ipso
1044 898 1210 967 pulso,
1255 897 1332 947 vel
1369 907 1482 966 post
1518 896 1772 957 abdicato,

331 989 502 1027 contra
521 978 590 1027 fas
609 978 896 1027 videbantur
912 977 1142 1045 promoti.
1170 979 1475 1026 Damnantur
1488 976 1650 1043 itaque
1674 975 1776 1024 duo

332 1056 732 1123 pseudoepiscopi
767 1055 830 1104 ab
866 1054 1097 1121 Hugone‘
1140 1053 1375 1114 ordinati,
1411 1051 1668 1102 Tetbaldus
1689 1051 1778 1100 sci·

333 1133 444 1182 licet
457 1143 506 1182 et
522 1137 606 1182 lvo
620 1169 633 1194 ,
661 1150 871 1199 quorum
886 1133 1021 1199 prior
1042 1148 1071 1180 a
1086 1132 1228 1198 pulso
1252 1141 1464 1180 sacmttis
1493 1140 1566 1179 est
1594 1129 1778 1179 Ambia-

333 1213 557 1263 nensium
591 1213 871 1279 episcopus,
914 1211 1035 1260 alter
1062 1227 1178 1260 vero
1211 1210 1274 1260 ab
1300 1209 1524 1260 abdicato
1557 1207 1780 1261 subten-

334 1291 476 1340 sium.
515 1292 781 1339 Damnatus
812 1299 860 1339 et
896 1288 1168 1339 Adelelmus
1203 1286 1534 1338 Laudunensis
1554 1284 1780 1339 ¹nodedu

336 1359 586 1430 diaconus,
611 1385 642 1418 a
667 1368 889 1430 Rodulfo,
923 1384 1014 1417 suo
1039 1367 1269 1435 episcopo
1291 1366 1333 1427 ²,
1364 1364 1686 1425 insimulatus,
1718 1380 1780 1418 eo

336 1448 470 1514 quod
491 1447 776 1496 Tetbaldum
793 1447 1262 1496 excommunicatum
1286 1445 1337 1494 in
1365 1443 1782 1494 aeodesiamtmno-

336 1528 488 1576 rarius
510 1526 845 1595 introduxerit.
880 1526 939 1575 Hi
966 1525 1096 1574 enim
1119 1525 1170 1572 in
1203 1523 1442 1572 anteriore
1462 1520 1640 1572 sinodo
1666 1536 1781 1570 mim

337 1606 461 1654 duce
479 1606 580 1670 jam
594 1604 806 1665 evocati,
835 1603 1101 1653 satisfacere
1114 1599 1538 1667 contempnebant.
1569 1600 1782 1647 Vocatur

339 1701 456 1733 vero
480 1684 780 1749 Hildegarius
803 1682 1160 1731 Belvacensium
1178 1679 1462 1746 episcopua,
1489 1675 1661 1725 domni
1684 1677 1783 1725 Ha·

339 1762 430 1810 rini
461 1770 509 1810 et
543 1763 881 1828 episcoporum
914 1759 1176 1825 legatione,
1209 1766 1262 1805 ut
1284 1766 1368 1804 aut
1390 1755 1454 1804 ad
1483 1771 1567 1804 eos
1589 1753 1778 1814 veniat,

339 1849 422 1887 aut
436 1838 599 1887 sedem
624 1838 935 1905 apostolicam
953 1854 1042 1903 pro
1067 1852 1156 1884 suo
1180 1836 1392 1884 facinore
1416 1833 1783 1882 ratiocinaturus

339 1928 491 1984 petat,
518 1934 578 1966 eo
596 1917 730 1984 quod
749 1916 1014 1965 interfuerit
1030 1914 1325 1963 ordinationi
1350 1928 1496 1979 supra
1512 1911 1615 1977 jam
1630 1909 1783 1959 dicto·

261 2011 264 2013 ·
341 2013 451 2044 rum
466 1995 1010 2064 pseudoepiscoporum.
1033 1996 1247 2042 Vocatur
1264 2001 1314 2041 et
1336 1990 1636 2050 Heribertus,
1656 1988 1788 2038 fleri·

340 2073 464 2123 berti
488 2074 665 2123 tiranni
688 2072 840 2135 filius,
874 2072 942 2122 ob
973 2070 1100 2121 mala
1122 2087 1231 2137 quae
1261 2069 1484 2120 aecclesiis
1504 2067 1583 2119 vel
1603 2067 1788 2136 episco-

344 2152 417 2218 pis
464 2152 737 2200 immaniter
784 2149 1034 2200 inferebat.
1085 2149 1234 2198 Wido
1290 2165 1407 2198 vero
1461 2146 1800 2196 Suessionicus'

343 2231 623 2297 episcopus,
656 2246 769 2279 cum
799 2246 827 2278 a
867 2228 1085 2296 plurimis
1108 2226 1412 2286 laceraretur,
1439 2242 1500 2275 eo
1522 2224 1658 2292 quod
1685 2225 1789 2292 ipse

345 2309 599 2373 Hugonem
613 2308 895 2375 episcopum
918 2315 1173 2365 sacrasset,
1213 2305 1264 2353 in
1298 2304 1474 2353 sinodo
1514 2320 1651 2352 reum
1685 2318 1788 2352 sese

344 2385 580 2435 confitens
595 2421 610 2447 ,
630 2396 680 2435 et
692 2385 842 2433 multa
858 2384 1120 2452 penitentia
1137 2393 1322 2450 reatum
1340 2382 1623 2449 deplorans,
1643 2381 1789 2430 inter-

344 2463 626 2513 cedentibus
650 2463 779 2531 apud
809 2461 1037 2511 sinodum
1061 2461 1258 2510 Artoldo
1289 2471 1432 2527 atque
1460 2459 1688 2508 Rotberto
1713 2474 1789 2507 an·

344 2541 685 2610 chiepiscopis,
718 2539 902 2590 absolvi
931 2540 993 2589 ab
1025 2541 1094 2589 eis
1120 2539 1344 2588 obtinuit.
1385 2537 1643 2587 wicfridus
1665 2552 1790 2605 ‚quo-

346 2639 442 2687 que
456 2622 739 2671 morinensis
750 2621 1004 2687 episcopus
1015 2655 1030 2680 ,
1050 2620 1135 2685 qui
1146 2617 1489 2668 criminabatur
1500 2616 1783 2677 intermisse,

396 2757 406 2776 ⁸
434 2755 480 2791 Η.
498 2756 601 2804 pulso
615 2756 671 2791 vel
686 2754 851 2791 abdicato
872 2754 994 2789 deleta.

395 2813 410 2833 ¹
435 2826 468 2847 e.
488 2812 583 2860 apud
599 2812 763 2848 sinodum
784 2811 905 2846 duaa.
