1962 3262
285 203 338 242 32
791 203 1008 245 menam
1042 204 1139 246 Lm.
1175 204 1207 244 1.

287 282 461 330 bantur
485 282 549 330 ibi
566 285 830 350 aequissime
858 284 1070 344 ordinat,
1104 285 1386 352 plurimum'
1419 285 1481 333 de
1502 301 1714 336 commi·

287 359 427 407 nibus
448 362 665 410 omnium
693 363 847 410 causis
863 362 991 429 apud
1013 364 1264 430 optimates
1278 372 1582 429 pertractans.
1603 365 1716 423 Qui-

288 436 377 485 bus
400 454 510 486 cum
536 438 656 488 foret
680 440 943 488 admodum
967 441 1198 499 intentus,
1230 440 1391 505 ibique
1427 456 1513 506 per
1534 439 1716 506 aliquot

289 525 504 582 tempora
522 533 624 565 sese
640 528 936 566 moraturum
959 527 1273 584 proponeret,
1296 517 1439 565 Fulco
1459 519 1718 567 Remorum

287 593 686 661 amhiepiscopus·‚
699 595 760 643 de
779 594 938 643 Karoli
962 595 1265 662 promotione
1290 595 1339 643 in
1363 610 1563 659 regnum
1586 593 1716 662 apud

290 670 451 737 Belgas
467 672 711 720 nactabat.
735 672 995 721 Videbatur
1010 673 1186 721 etenim
1210 682 1340 731 tunc,
1362 672 1494 737 quod
1512 689 1717 739 praesens

288 749 586 815 oportunitas
617 750 728 797 huic
757 751 824 797 rei
853 749 1059 815 aliquam
1089 749 1477 797 commoditatem
1509 761 1711 816 pararet.

289 825 437 892 quue
460 827 719 893 plurimum
746 826 1060 894 persuadebat
1090 827 1414 874 Neustriorum
1447 826 1710 875 absentia².

290 905 474 951 Etenim
498 922 609 952 cum
643 922 752 971 rege
782 906 830 953 in
866 904 1079 971 partibus
1110 905 1368 970 Aquitaniae
1397 914 1511 952 tunc
1542 903 1719 954 detine-

288 979 476 1028 bantur.
495 981 767 1032 Suadebant
781 998 974 1048 quoque
986 981 1266 1049 multiplices
1277 981 1588 1031 adolescentis
1597 999 1720 1072 quae-

290 1058 518 1107 rimoniae.
559 1062 664 1108 Jam
696 1060 826 1109 enim
858 1058 1170 1125 quindennis,
1209 1059 1271 1107 de
1305 1059 1438 1125 regni
1465 1059 1719 1110 missione

289 1136 418 1202 apud
435 1138 614 1185 amicos
631 1148 680 1186 et
702 1137 989 1186 domesticos
1019 1138 1291 1202 gravissime
1314 1137 1716 1203 conquerebatur·

291 1229 586 1279 regnumque
614 1225 866 1282 paternum
891 1226 1103 1282 repetere
1126 1215 1278 1263 multo
1301 1225 1477 1264 conatu
1501 1214 1725 1279 molieba-

291 1301 383 1339 tur.
407 1292 461 1339 Ei
478 1309 592 1357 ergo
611 1310 779 1342 omnes
797 1293 990 1358 Belgicae
1006 1293 1262 1360 principes,
1282 1303 1331 1342 et
1347 1293 1528 1358 aliquot
1538 1293 1723 1343 Celtica!

291 1386 595 1436 summopere
619 1370 854 1419 favebant.
891 1375 1075 1419 Horum
1101 1387 1296 1437 quoque
1318 1387 1601 1431 consensus,
1631 1371 1724 1420 sub

294 1449 511 1495 Remensi
536 1449 926 1515 metropolitano,
958 1449 1239 1496 sacramenti
1262 1449 1370 1512 jure
1402 1447 1645 1496 fimatur:
1666 1463 1723 1497 ac

294 1534 508 1613 ternpore
531 1535 707 1574 statuto
731 1526 1044 1585 conveniunt,
1075 1543 1134 1574 ex
1166 1526 1346 1590 Belgica
1369 1526 1565 1591 quidem
1586 1526 1724 1575 Colo-

294 1603 492 1661 niensis,
520 1603 815 1662 Trevericus,
849 1613 991 1691 atque
1015 1603 1316 1667 Maguntinus
1344 1602 1718 1669 metropolitani,

293 1696 405 1727 cum
423 1681 520 1727 suis
536 1679 828 1728 diocesaneis
844 1681 1095 1747 episcopis,
1117 1690 1198 1728 aut
1212 1697 1379 1728 eorum
1398 1679 1723 1746 probabilibus

294 1757 472 1822 legatis
495 1760 564 1805 Ex
587 1758 760 1806 Celtica
785 1775 898 1806 vero
929 1760 1184 1806 Remorum
1209 1758 1458 1824 praedictus
1486 1767 1722 1824 metropo-

296 1835 485 1894 litanus»,
506 1852 618 1884 cum
635 1835 815 1901 aliquot
832 1837 928 1883 suis
945 1835 1251 1895 diocesaneiS‚
1273 1835 1575 1883 Laudunensi
1595 1833 1723 1882 vide-

295 1912 425 1973 licet,
454 1912 757 1961 Catalaunico
785 1923 927 1978 atque
955 1914 1227 1961 Morinensi.
1264 1917 1400 1960 Anno
1414 1913 1431 1937 ⁸
1466 1922 1627 1960 autem
1654 1911 1720 1960 in-

296 1991 583 2039 carnationis
630 1991 880 2039 dominicoe
902 1990 919 2015 ⁸
957 1991 1068 2038 893.
1106 1995 1151 2038 5.
1187 1990 1288 2038 Kal.
1309 1991 1325 2011 ⁴
1364 1989 1608 2049 Februar.,
1642 1987 1721 2036 die

297 2068 553 2128 dominica,
573 2068 756 2117 collecti
775 2069 930 2116 Remis
946 2069 993 2115 in
1010 2067 1199 2115 basilica
1222 2066 1378 2115 Sancti
1398 2065 1608 2131 Remigii,
1634 2067 1721 2112 Ka-

296 2146 453 2194 rolum
477 2146 803 2211 quindennem
826 2163 984 2211 regem
1007 2154 1190 2204 creant3
1209 2161 1265 2192 ac
1293 2145 1342 2191 in
1360 2142 1478 2191 urbe
1494 2157 1723 2210 purpura·

298 2234 417 2285 tum,
446 2242 582 2274 more
603 2226 749 2290 regio,
771 2225 924 2273 edicta
942 2224 1055 2271 dare
1068 2223 1376 2271 constituunt.
1399 2224 1456 2269 Et
1473 2238 1530 2270 ex
1547 2219 1722 2269 Celtica

296 2299 513 2364 quidem,
545 2300 813 2366 paucissimi
846 2299 947 2363 ejus
978 2308 1134 2364 partes
1164 2295 1496 2362 sequebantur.
1531 2298 1599 2342 Ex
1624 2293 1722 2342 Bel·

295 2378 397 2442 gica
420 2394 552 2437 vero,
580 2378 623 2425 ei
652 2393 820 2425 omnes
845 2376 1020 2424 addicti
1051 2385 1176 2423 sunt.
1211 2373 1282 2422 Ab
1311 2373 1399 2421 illis
1428 2374 1557 2421 enim
1579 2371 1723 2421 devo-

343 2495 1225 2546 MPlAdpnivatinwemmulrumqudecommi
1252 2491 1716 2541 umhuhdaeudepn.

294 2554 402 2589 deleta
415 2563 505 2589 enan

342 2568 535 2637 ’gb-enti·
550 2602 611 2666 qui
625 2601 791 2648 Sequana
806 2600 989 2647 ugo-ique
1004 2599 1118 2636 fluvii·
1132 2598 1334 2646 interjacent
1350 2596 1470 2632 delam.

340 2658 435 2692 'An
445 2657 522 2702 ,do
498 2658 609 2693 omini
597 2657 761 2692 iabscim.

345 2713 356 2733 ⁸
380 2716 416 2748 5.
434 2715 598 2760 natjan·
613 2714 750 2749 ababa.
