1962 3262
277 250 328 289 5⁴
786 254 1004 296 mcum!
1041 256 1136 298 [AB.
1174 258 1204 295 1.

275 332 549 396 ingreditur.
582 334 717 399 Regis
739 335 867 383 enim
892 335 1135 396 sollicitus,
1162 337 1460 387 desertorum
1493 340 1706 391 fraudem

276 421 597 475 pm‘senserat.
634 415 691 460 Et
727 413 827 480 ipse
856 414 1053 479 quidem
1083 415 1214 483 prius
1243 432 1354 463 cum
1390 419 1576 483 paucis,
1602 429 1713 486 post

277 504 390 535 vero
409 489 499 548 sui,
527 489 712 538 favente
736 491 936 552 Riculso,
949 492 1163 557 ejusdem
1182 493 1312 541 urbis
1329 495 1573 562 episcopO,
1601 514 1713 546 oon-

275 577 528 631 sequenter
563 567 893 617 admittuntur.
940 572 1139 620 Armatis
1170 573 1328 638 itaque
1362 574 1708 636 circumdatus,

275 644 530 693 concilium
562 645 878 709 desertorum,
906 648 1204 716 stupentibus
1234 650 1434 710 cunctiS,
1462 662 1707 717 penetrat5

275 722 518 789 factusque
542 723 761 772 terribilis
784 743 794 771 ε
827 746 850 770 «
883 724 975 774 Ubi
1003 727 1200 792 inquam
1223 737 1296 775 est
1318 726 1544 777 dominus
1574 745 1711 779 meus

275 816 354 848 rex
372 800 392 846 ,³
411 821 434 844 υ
471 804 539 847 Ex
564 811 662 849 tam
694 802 878 863 multis,
908 804 1048 869 pauci
1077 803 1342 854 admodum
1385 807 1707 874 respondendi

274 879 396 927 vires
419 878 651 941 habuere,
688 897 791 929 sese
815 882 1004 947 penitus
1042 882 1267 949 deceptos
1290 884 1394 932 rati.
1422 885 1518 944 Qui
1550 895 1707 935 tamen

274 973 403 1016 cum,
439 957 616 1006 viribus
653 959 888 1019 resumtis,
921 959 1167 1008 dicerent:
1194 981 1218 1006 «
1242 963 1374 1010 Intro
1397 978 1509 1011 cum
1543 965 1708 1030 paucis

274 1034 509 1083 consultat
523 1033 533 1082 !
552 1054 575 1079 n
589 1037 1000 1103 metropolitanus,
1027 1038 1150 1086 ostio
1175 1037 1414 1100 obserate,
1426 1040 1525 1088 vim
1536 1039 1703 1101 infern

272 1113 482 1178 serisque
516 1113 856 1179 pessumdatis,
894 1116 1032 1164 cum'
1076 1116 1239 1182 paucis
1261 1114 1507 1166 sedentem
1545 1134 1710 1187 mppe-

273 1190 347 1237 rit.
376 1194 580 1257 Captum
598 1193 727 1240 enim
749 1193 1028 1242 custodibus
1053 1193 1277 1242 adhibitis
1299 1194 1535 1260 ergastulo
1562 1195 1710 1263 depu-

273 1277 499 1318 taverant.
512 1274 622 1330 Quo
635 1272 1029 1339 metropolitanus
1042 1289 1189 1320 manu
1202 1271 1503 1339 apprehenso
1515 1290 1560 1320 z«
1566 1273 1703 1334 Veni,

273 1348 441 1412 inquit,
469 1366 567 1409 rex,
607 1351 793 1416 tuisque
816 1343 977 1418 potius
1001 1360 1148 1398 utere.
1174 1351 1272 1398 »Et
1295 1349 1362 1399 sic
1385 1366 1413 1397 a
1437 1349 1708 1416 metropoli-

271 1434 384 1473 tano
416 1444 444 1475 e
474 1427 773 1477 desertorum
808 1428 970 1476 medio
1005 1428 1205 1476 eductus
1249 1437 1334 1475 est.
1386 1430 1518 1476 Tunc
1561 1427 1705 1477 etiam

272 1521 449 1568 equum
492 1507 781 1567 ascendens,
819 1523 931 1555 cum
975 1510 1123 1566 t,500
1159 1514 1454 1553 amatorum
1488 1503 1552 1552 ab
1585 1504 1704 1553 urbe

268 1582 411 1631 exivit
433 1594 575 1649 atque
600 1587 774 1632 Remos
797 1584 1004 1632 devenit.
1033 1586 1146 1631 Post
1168 1582 1304 1648 cujus
1321 1581 1598 1643 discessum,
1625 1582 1705 1632 de-

265 1671 467 1709 sertores
507 1662 694 1728 pudore
733 1661 942 1721 confusi,
972 1660 1136 1708 illusos
1173 1676 1275 1708 sese
1309 1658 1695 1725 indignabantur.

264 1739 583 1805 Confusique’
618 1741 680 1789 ad
711 1740 991 1789 Rotbertum
1029 1738 1256 1798 redeunt,
1295 1747 1438 1803 atque
1467 1754 1570 1786 rem
1599 1755 1699 1787 non

263 1818 374 1865 satis
403 1835 631 1884 prospere
671 1828 850 1883 gestam
889 1818 1119 1866 desertori
1152 1816 1400 1881 transfugae
1435 1806 1695 1883 reportant.

265 1895 465 1943 Kar-olus
481 1912 596 1944 vero
612 1912 693 1944 rex
711 1913 823 1944 cum
841 1895 1210 1962 metropolitano
1228 1894 1425 1960 aliisque
1435 1894 1599 1961 paucis
1613 1894 1698 1960 qui

261 1989 288 2019 a
307 1989 358 2020 se
381 1973 577 2038 quidem
602 1974 893 2035 defecerant,
921 1974 1205 2040 sapientium
1224 1983 1384 2021 tamen
1408 1971 1609 2021 oonsilio
1632 1972 1694 2020 ad

260 2067 311 2098 se
328 2052 503 2099 reversi
527 2062 685 2112 erant,
713 2052 906 2118 Belgioee
928 2052 1153 2100 interiora
1184 2052 1376 2118 repetit,
1403 2066 1459 2099 ac
1481 2052 1694 2115 Tungros

258 2129 494 2178 concedit.
530 2129 711 2195 Ibique,
739 2131 966 2197 episcopo
990 2140 1105 2180 tunc
1121 2129 1371 2190 defuncto,
1392 2127 1689 2187 Hilduinum,

258 2205 458 2272 eligente
487 2208 616 2256 clero
642 2225 698 2257 ac
727 2208 909 2275 populo
942 2208 1151 2266 favente,
1173 2224 1260 2273 per
1282 2205 1692 2272 archiepiscopum

258 2286 598 2335 Herimannum
636 2287 884 2353 praesulem
923 2285 1135 2345 ordinat,
1170 2286 1326 2332 virum
1354 2282 1596 2333 liberalem
1630 2299 1687 2332 ac

253 2373 519 2425 strennum,
547 2365 630 2413 sed
655 2365 919 2413 factiosum.
949 2368 1068 2413 Nam
1092 2381 1204 2412 mox
1227 2363 1479 2429 episeopus
1502 2361 1690 2410 ordina-

253 2452 343 2501 tus,
369 2443 425 2490 iis
447 2442 640 2509 Belgicae
656 2443 950 2510 principibus
965 2443 1076 2509 qui’
1101 2442 1327 2491 Rotberto
1348 2441 1497 2489 duci’
1486 2457 1534 2489 m
1561 2441 1683 2505 regis

249 2520 514 2584 abjectione
532 2522 776 2581 favebant,
804 2539 915 2569 mox
934 2521 1067 2570 haaeit
1083 2531 1131 2570 et
1148 2521 1276 2579 favit,
1292 2519 1551 2585 plurimum
1565 2534 1687 2567 cnm

296 2669 304 2687 ¹
334 2682 415 2702 ror-r.
439 2669 578 2704 duobus
595 2678 730 2705 tantum
751 2672 781 2704 t.

291 2724 306 2744 ⁸
336 2725 484 2770 iratique
507 2728 535 2759 Ι.

285 2781 299 2806 ²
323 2793 357 2826 q.
378 2794 456 2815 runi
474 2783 628 2817 rotberto
644 2782 733 2818 duce
749 2796 864 2830 regem
877 2783 1072 2830 abjecerant
1095 2784 1126 2817 ¹-
