1962 3262
252 224 306 258 90
762 215 983 257 mentitu
1014 215 1115 257 Lm.
1150 215 1183 255 1.

251 301 383 367 post·
421 298 731 347 truculentius
766 298 919 346 redire
958 298 1235 363 disponens.
1287 300 1382 344 Hac
1418 307 1695 362 tempestate

252 389 386 426 terrae
416 386 575 424 motus
604 376 651 424 in
681 392 803 442 pago
841 377 1170 424 camaracensi
1203 376 1352 423 factus
1382 385 1479 435 est,
1515 391 1573 423 ex
1598 389 1697 440 quo

254 457 430 505 domus
458 454 700 503 nonnullae
726 453 961 502 subversae
987 464 1113 502 sunt.
1147 454 1284 501 Unde
1316 464 1362 501 et
1396 469 1555 501 rerum
1581 451 1701 502 cala-

257 534 393 582 mitas
421 533 601 581 adverti
627 533 812 598 potuit,
842 549 954 580 cum
984 532 1116 597 regni
1148 532 1397 598 princepS,
1430 540 1599 597 praeter
1622 529 1702 595 Jus

258 621 450 678 captus,
485 620 532 658 et
579 610 627 657 in
665 626 904 658 carcerem
941 626 1092 675 usque
1123 610 1170 657 in
1210 609 1338 658 diem
1372 610 1475 657 vitae
1509 625 1604 657 suae
1629 625 1704 656 su·

261 706 479 756 premum
512 688 733 736 detrusus
770 689 844 736 sit.
883 691 1002 736 Nam
1033 705 1145 736 cum
1182 704 1286 736 rem
1326 688 1577 736 militarem
1610 685 1704 734 dis-

257 776 458 833 poneret
473 803 486 825 ,
524 776 571 813 et
601 765 862 813 exercitum
893 765 1211 831 copiosiorem
1238 764 1400 813 Galliis
1429 763 1600 812 inferre
1626 779 1706 830 pa·

262 855 386 893 raret
401 882 413 903 ,
433 843 676 909 Gallisque
690 843 804 891 inde
826 843 970 890 tiinor
986 843 1163 891 multus
1190 844 1496 902 incuteretur,
1517 842 1705 891 mitiore

261 924 422 970 animo
456 921 743 970 serebantur.
779 920 924 979 Quod
962 920 1163 969 Karolus
1205 937 1285 968 rex
1322 920 1702 986 subintelligens,

262 1017 348 1067 per
378 1000 556 1064 legatos
588 1015 811 1047 revocare
852 1015 934 1046 eos
974 998 1236 1057 nitebatur,
1281 998 1537 1064 multisque
1567 999 1708 1048 ratio-

265 1078 406 1126 nibus
433 1079 500 1126 eis
531 1076 579 1125 id
608 1076 809 1125 suadere
833 1076 1077 1141 querebat.
1100 1077 1405 1125 Nortmannis
1427 1093 1709 1142 quoqueus-

264 1177 360 1225 que
387 1160 448 1208 ad
480 1160 702 1208 effectum
719 1160 892 1217 suasit,
925 1159 1047 1207 adeo
1076 1170 1125 1207 ut
1156 1161 1252 1223 regi
1281 1159 1428 1207 tidem
1450 1158 1705 1225 spondere,

266 1240 406 1304 eique
437 1250 489 1287 ut
510 1238 700 1302 juberet
726 1238 927 1286 militare
961 1238 1150 1285 vellent.
1187 1238 1281 1296 Qui
1312 1254 1424 1284 cum
1467 1237 1565 1301 regi
1595 1236 1712 1284 mili·

268 1318 407 1366 taturi
444 1333 698 1364 occurrere
734 1326 985 1381 pararent,
1037 1333 1064 1363 a
1102 1315 1247 1363 Gallis
1290 1313 1712 1363 intercurrentibus

268 1395 456 1443 inhibiti
485 1405 612 1442 sunt.
651 1393 788 1441 Unde
830 1404 877 1441 et
917 1411 1086 1441 eorum
1123 1392 1350 1458 suppetiis
1383 1409 1463 1440 rex
1501 1393 1712 1458 privatus

271 1485 355 1521 est.

431 1554 583 1589 XLVII.
600 1573 650 1581 —
664 1553 807 1588 Rodum
821 1553 841 1575 ⁶
858 1553 948 1599 mgis
962 1552 1141 1600 promotio
1153 1553 1173 1573 ⁶
1190 1564 1231 1586 ac
1247 1551 1370 1586 Κενοῦ
1383 1553 1402 1574 ’
1420 1551 1550 1598 captio.

337 1648 460 1696 Galli
489 1665 518 1696 a
544 1648 795 1714 pertinatia
819 1646 1089 1694 nullatenus
1104 1646 1400 1711 quiescentes
1416 1682 1429 1705 ,
1458 1644 1712 1693 Roduliiim

277 1725 496 1774 Richardi
531 1725 882 1790 Burgundionis
915 1723 1064 1772 filium
1103 1725 1333 1783 accitum,
1379 1723 1508 1790 apud
1545 1722 1714 1771 urbem

274 1804 603 1852 Suessonicam
617 1839 631 1863 ,
673 1820 731 1851 eo
768 1802 876 1850 licet
918 1803 1028 1850 satis
1074 1801 1360 1850 reclamante
1376 1839 1388 1862 ‚
1434 1817 1591 1866 regem
1627 1800 1716 1848 sibi

279 1882 611 1948 prael'ecerunt,
650 1881 804 1928 virum
846 1890 1119 1939 strenuum,
1162 1896 1216 1927 ac
1252 1879 1414 1927 litteris
1447 1877 1717 1938 liberalibus

281 1978 378 2009 non
408 1959 711 2008 mediocriter
741 1959 1040 2005 instructum.
1077 1957 1222 2016 Quod
1253 1957 1527 2006 Heribertus
1562 1966 1717 2006 tanto-

282 2057 388 2086 rum
419 2038 655 2087 malorum
683 2038 900 2084 incentor
923 2052 1026 2084 sese
1059 2036 1178 2083 velle
1211 2035 1538 2094 dissimulanS,
1570 2037 1716 2085 Karo-

282 2116 383 2164 lum
413 2132 572 2180 regem
599 2132 685 2180 per
719 2114 896 2178 legatos
925 2114 1147 2172 accersit,
1183 2114 1324 2161 tantis
1355 2112 1546 2177 flagiciis
1572 2128 1623 2159 se
1652 2129 1723 2160 re-

286 2195 371 2243 niti
399 2194 606 2242 voluisse
621 2191 856 2240 mandans
869 2227 882 2250 ,
903 2191 987 2239 sed
1003 2191 1363 2255 conjuratorum
1379 2207 1407 2238 a
1422 2188 1730 2250 multitudine

284 2272 694 2328 vehementissime
723 2285 1061 2335 suppressum;
1094 2280 1208 2316 tunc
1235 2268 1419 2316 nullum
1452 2266 1634 2314 consilii
1661 2267 1726 2314 lo·

287 2368 396 2399 cum
442 2350 675 2416 patuisse,
719 2365 848 2395 nunc
886 2364 1000 2395 vero
1038 2346 1235 2395 remedii
1270 2356 1452 2411 partem
1494 2345 1724 2410 optimam

289 2447 389 2477 sese
446 2428 689 2494 reperisse.
744 2426 880 2473 Unde
923 2436 969 2473 et
1011 2425 1239 2473 maturius
1277 2422 1499 2480 accedat,
1548 2439 1647 2487 quo
1683 2424 1725 2470 ei

290 2509 388 2574 ipse
419 2506 646 2555 obvenire
672 2505 847 2563 valeat3
882 2520 991 2550 cum
1023 2503 1185 2568 paucis
1214 2512 1399 2560 tamen,
1438 2517 1524 2557 ne,
1553 2500 1591 2546 si
1616 2515 1727 2546 cum

291 2591 449 2637 multis
470 2589 749 2642 adveniant,
785 2585 1112 2633 dissidentium
1141 2584 1438 2631 animositate
1468 2583 1514 2629 in
1551 2579 1726 2629 bellum
