1962 3262
364 266 446 306 256
863 261 1085 304 menam
1115 261 1216 303 mn.
1255 261 1311 305 11.

363 360 473 391 rum
502 343 720 392 loetaliter
741 343 937 392 sauciat.
980 343 1264 409 injectisque
1290 342 1452 408 jaculo
1479 342 1693 409 ignibus,
1718 343 1805 394 do·

363 442 499 474 mum
514 426 678 474 matris
699 425 920 475 aecclesioe
937 424 1184 475 succendit
1196 462 1210 486 ,
1238 423 1594 491 claustrumque
1610 427 1803 477 canoni-

363 522 532 553 corum
548 521 604 552 ac
617 514 805 571 partem
818 504 1020 552 civitatis
1036 504 1269 570 majorem
1288 540 1301 564 ‚
1339 503 1527 569 ignibua
1543 503 1648 554 solo
1663 514 1804 555 tenua

360 582 640 632 combussit.
675 585 834 642 Quam
857 598 971 631 cum
996 598 1169 649 capere
1191 598 1292 631 nou
1321 592 1506 649 posset,
1540 583 1593 632 in
1622 598 1803 651 pagum

361 664 660 721 Remensem,
679 660 763 708 ubi
776 677 858 708 rex
876 670 991 708 tunc
1003 660 1215 727 privatus
1233 660 1529 722 morabatur,
1548 660 1804 710 itertrmu-

359 740 516 789 lentus
540 740 755 789 reflectit.
790 738 937 803 Cujus
965 738 1229 787 adventum
1262 738 1296 787 ii
1323 738 1408 804 qui
1439 738 1537 786 ruri
1563 736 1803 804 degebant

358 817 607 866 audientes
623 853 637 878 ,
672 818 722 865 in
748 816 980 865 aecclesias
997 826 1274 865 sanctorum
1290 833 1403 866 cum
1418 817 1515 865 suis
1530 815 1674 866 rebus
1685 832 1803 879 con·

358 895 561 962 fugiunt.
604 899 662 944 At
700 896 915 944 tirannus
954 912 1222 963 pauperum
1255 892 1407 944 turbis
1441 887 1798 956 inmisericors,

359 991 529 1023 eorum
547 974 654 1042 plus
667 990 818 1040 quam⁴
832 975 927 1024 560
953 974 1077 1022 intra
1090 973 1322 1023 aecclesias
1343 969 1646 1025 succendisse
1661 972 1803 1023 tradi-

360 1068 452 1107 tur.
481 1060 543 1107 Et
564 1057 632 1106 sic
646 1056 711 1106 ad
723 1073 812 1106 sua
835 1055 1051 1105 refertur.

987 1189 1190 1225 Lxxxvl.

424 1297 520 1343 Rex
536 1310 651 1342 vero
671 1291 940 1342 Ludovicus
950 1291 1244 1358 Gerbergam
1262 1292 1476 1358 reginam
1490 1290 1557 1341 ad
1567 1293 1801 1346 omnem

356 1374 550 1421 finti-em
573 1388 716 1421 suum
734 1371 917 1437 dirigit,
955 1380 1009 1420 ut
1032 1370 1120 1419 sibi
1137 1370 1302 1437 copias
1331 1369 1564 1419 acceleret
1582 1369 1621 1418 ¹.
1653 1369 1801 1420 Profi-

357 1450 547 1499 ciscitur
576 1451 736 1516 itaque
781 1449 1063 1498 imminente
1103 1448 1455 1515 sollempnitate
1489 1447 1667 1516 pascali
1685 1483 1701 1510 ‚
1751 1458 1801 1498 et

358 1529 638 1595 Aquisgrani
659 1527 839 1595 palatio
867 1536 1086 1576 sanctum
1113 1526 1294 1575 Pascha
1316 1543 1429 1575 cum
1453 1526 1596 1576 sratne
1617 1528 1799 1576 Ottone

354 1611 578 1660 celebrat.
597 1609 903 1659 Conveniunt
926 1625 984 1657 ex
998 1608 1255 1658 Germania
1282 1608 1523 1676 principes
1546 1606 1794 1670 nonnulli3

355 1687 531 1736 adsunt
560 1703 619 1736 ex
642 1686 828 1755 Belgica
861 1685 1086 1735 universi.
1125 1688 1222 1735 Nec
1254 1685 1429 1735 desunt
1455 1685 1597 1753 legati
1623 1684 1800 1736 Greco-

355 1784 482 1828 rum,
527 1765 780 1826 Italorum,
824 1763 1086 1830 Anglorum
1106 1800 1122 1825 ,
1158 1774 1302 1830 atque
1341 1764 1547 1815 aliorum
1580 1762 1796 1833 plurimae

353 1843 612 1912 legationes
627 1840 937 1911 populorum.
961 1842 1139 1909 Regina
1161 1859 1294 1909 ergo,
1316 1859 1429 1892 cum
1438 1842 1581 1908 fratre
1594 1841 1794 1893 oonsilio

352 1921 519 1972 habito
546 1933 594 1992 et
620 1931 815 1990 accepta
848 1919 910 1970 ab
935 1937 995 1969 eo
1030 1920 1193 1971 auxilii
1224 1920 1567 1989 pollicitatione
1582 1957 1599 1984 ,
1630 1932 1790 1982 scum

352 2000 417 2051 ab
430 2018 593 2068 regem
606 1999 905 2052 Ludovicum
922 1998 1062 2048 redit.

959 2155 1184 2229 m.

415 2261 688 2312 Ludovicus
703 2278 820 2311 vero
845 2263 896 2311 in
918 2262 1164 2311 tirannum
1188 2263 1352 2324 imma,
1372 2263 1525 2312 nimio
1542 2262 1691 2312 animi
1705 2262 1796 2312 fer·

351 2357 469 2391 vore
482 2338 675 2391 ottonis
698 2339 927 2391 auxilium
943 2342 1205 2409 praevenire
1228 2341 1564 2391 meditabatur.
1593 2339 1796 2418 Arbitra-

348 2422 495 2474 batur
515 2425 693 2476 etenim
725 2425 984 2492 quoniam,
1027 2425 1078 2474 in
1109 2425 1256 2492 longa
1291 2425 1526 2475 exercitua
1556 2433 1794 2493 exspecta-

351 2505 511 2566 tione,
551 2504 726 2578 injuria
762 2503 916 2555 inulta
942 2503 1201 2554 videremr.
1246 2503 1444 2554 Confert
1479 2503 1641 2570 itaque
1677 2517 1791 2552 cum

397 2664 408 2684 ⁸
436 2663 557 2713 copia·
585 2663 719 2706 mittat,
753 2662 832 2697 licet
863 2663 937 2711 ipse
966 2662 1161 2698 exercimm
1192 2662 1379 2698 collectum
1407 2661 1603 2707 »emines-it,
1628 2669 1664 2698 et
1690 2660 1789 2710 [non

345 2731 457 2810 ωαιφκ
474 2728 554 2768 poet
568 2719 719 2755 hiemem
737 2731 822 2754 eon.
845 2717 900 2767 et]
931 2731 1040 2766 unque
1060 2726 1140 2767 post
1154 2731 1217 2755 ver
1232 2731 1306 2756 non
1331 2730 1551 2755 reversurum
1574 2716 1790 2754 manituti

420 2785 467 2810 u.
