1962 3262
327 258 409 298 200
805 259 1027 302 mcnssm
1059 262 1157 303 ΜΒ.
1190 262 1246 302 11.

324 337 537 403 delegat,
577 338 783 405 plurima
810 341 1083 407 postulans,
1127 342 1285 408 aliqua
1323 342 1466 390 etiam
1502 341 1756 393 intentans.

324 415 608 465 Edmundus
630 435 825 485 quoque
858 437 941 469 rex
970 421 1032 470 de
1058 421 1238 469 sobrini
1268 421 1466 468 miseriis
1494 420 1618 470 adeo
1643 438 1761 471 oon·

321 505 515 560 questus
527 531 541 555 ‚
562 495 721 545 eidem
743 497 854 546 duci
872 498 1072 548 multam
1087 500 1234 548 animi
1253 498 1631 564 indignationem
1648 517 1761 549 suo-

322 591 429 622 rum
463 574 699 640 legatione
733 575 1055 638 demonstran
1099 578 1360 644 plurimum
1390 577 1430 624 si
1461 593 1562 625 non
1591 577 1762 627 reddat

320 662 489 701 contra
506 652 639 701 illum
658 670 761 702 sese
776 654 1010 710 facmrum
1027 655 1279 704 intendens
1290 690 1304 715 ‚
1324 655 1519 721 insuper
1537 665 1586 704 et
1598 654 1760 706 hostes

320 731 364 779 ei
391 741 518 780 terra
541 733 757 799 marique
781 733 1114 793 inducturum,
1149 750 1205 782 ac
1232 744 1408 782 terram
1438 733 1541 797 ejus
1568 734 1761 800 penitus

319 808 741 876 depopulaturum.
765 811 910 870 Quod
925 812 965 860 si
981 810 1196 878 quolibet
1210 812 1459 860 claudatur
1476 812 1756 880 municipio,

320 886 624 937 obsidionem
648 888 918 938 vehementi
949 890 1203 939 conamine
1234 890 1587 952 adhibiturum3
1617 902 1761 959 atque

321 966 526 1033 amplius
557 966 711 1028 duee,
748 985 799 1016 se
831 985 861 1017 a
885 968 1032 1016 Gallis
1069 978 1379 1035 accepturum
1410 969 1667 1036 suppetias.
1704 972 1764 1019 Et

322 1044 413 1092 nisi
437 1062 598 1110 regem
624 1046 674 1094 in
698 1046 919 1114 proximo
949 1045 1141 1106 reddat,
1174 1063 1285 1094 eum
1314 1055 1436 1094 terra
1466 1046 1683 1113 marique
1710 1048 1759 1096 in

322 1123 543 1189 proximo
562 1123 902 1191 appetendum.

551 1254 595 1289 L.
611 1273 661 1282 -—
671 1253 874 1301 Indignatio
884 1255 905 1276 ’
921 1252 1022 1288 ducis
1039 1253 1077 1287 in
1091 1251 1355 1287 Edmundum·
1369 1264 1488 1299 negem
1498 1253 1536 1288 θ.

388 1358 497 1403 Dux
531 1356 662 1421 gravi
692 1355 929 1421 legatione
960 1355 1228 1414 confectus,
1267 1356 1435 1403 Ottoni
1467 1356 1590 1422 pro·
1628 1368 1764 1424 parte

323 1434 568 1495 dissentit,
595 1451 686 1501 pro
702 1445 836 1500 parte
852 1434 991 1482 favet.
1013 1435 1149 1499 Regis
1166 1450 1282 1482 vero
1300 1433 1544 1483 Edmundi
1566 1434 1731 1501 legatis
1745 1474 1760 1497 ,

325 1513 375 1561 id
413 1530 504 1563 nec
541 1514 592 1561 in
630 1514 878 1580 proximo,
917 1529 1007 1561 nec
1041 1522 1211 1578 praeter
1249 1513 1485 1562 rationem
1522 1514 1765 1579 agendum

328 1592 611 1659 respondet3
629 1591 695 1640 ob
711 1593 867 1640 minas
882 1591 1144 1656 Anglorum
1159 1590 1226 1638 nil
1242 1606 1344 1639 sese
1356 1590 1617 1652 facturum3
1636 1593 1767 1659 ipsos

327 1670 368 1718 si
399 1671 620 1731 veniant,
647 1669 766 1736 quid
797 1670 846 1718 in
871 1669 1016 1717 armis
1046 1667 1170 1716 Galli
1200 1668 1418 1729 valeant,
1446 1671 1768 1735 promtissime

328 1758 631 1815 experturos3
650 1747 785 1813 quod
811 1748 850 1795 si
877 1745 1132 1795 formidine
1157 1746 1269 1794 tacti
1298 1762 1400 1793 non
1427 1747 1649 1808 veniant,
1675 1764 1768 1814 pro

326 1828 607 1893 arrogantiae
625 1837 784 1875 tamen
799 1826 1010 1874 illatione
1023 1861 1036 1885 ‚
1057 1824 1304 1871 Gallorum
1329 1824 1452 1872 vires
1475 1823 1770 1890 quandoque

328 1906 630 1970 cognituros,
662 1915 712 1953 et
745 1905 940 1970 insuper
965 1919 1158 1970 poenam
1187 1902 1404 1950 luituros,
1434 1905 1585 1950 Iratus
1607 1902 1768 1969 itaque

328 1983 507 2050 legatos
521 1983 716 2052 expulit.
737 1982 1115 2048 Consultumque
1132 1998 1183 2029 se
1200 1981 1450 2030 conferens
1462 2017 1476 2042 ,
1496 1979 1628 2048 apud
1653 1997 1768 2029 suos

328 2062 543 2129 partibus
566 2062 714 2110 utitur
737 2060 1091 2109 deliberationis
1107 2097 1121 2121 ,
1148 2070 1195 2108 et
1219 2069 1330 2126 post
1353 2059 1651 2122 consultum,
1678 2062 1766 2108 Ot-

330 2151 494 2189 tonem
518 2141 709 2207 expetit.
738 2139 833 2199 Qui
856 2156 969 2187 cum
988 2155 1076 2205 pei·
1099 2138 1278 2203 legatos
1294 2137 1603 2203 colloquendi
1621 2154 1767 2205 opor·

330 2220 581 2268 tunitatem
612 2228 833 2284 quereret
848 2254 862 2278 ‚
899 2217 1110 2266 infensus
1149 2217 1193 2264 ei
1235 2216 1368 2282 loqui
1400 2221 1501 2264 no'n
1538 2217 1764 2283 optinuit,

329 2298 627 2364 nimiumque
668 2298 839 2356 iratus,
875 2297 923 2344 in
955 2312 1041 2343 sua
1069 2294 1310 2354 discessit,
1346 2310 1403 2342 ac
1432 2311 1631 2343 suorum
1654 2311 1769 2343 usus

329 2376 554 2438 consilio,
581 2393 743 2442 regem
767 2375 865 2424 adit
881 2411 894 2435 ,
916 2374 1079 2439 sicque
1096 2372 1356 2438 alloquitur
1376 2391 1386 2419 ε

378 2548 394 2565 “
422 2545 469 2587 ti,
487 2545 534 2586 E,
553 2556 571 2578 ι·
585 2542 727 2578 abscisa.

379 2603 387 2621 ⁸
416 2613 482 2649 pro
497 2599 667 2635 abachum
