1962 3262
332 229 406 266 108
834 224 1052 266 lucum!
1085 226 1181 267 un.
1213 226 1249 265 1.

324 307 404 371 qui
436 306 584 353 Rheni
612 305 748 353 litora
771 305 984 355 incolunt
1015 307 1195 355 eductis
1211 345 1223 367 ‚
1251 308 1298 354 in
1330 323 1487 371 regem
1513 307 1674 369 fertur,
1694 324 1749 357 ac

324 382 568 431 execrabili
589 383 746 431 furore
771 384 987 431 incendia
1007 385 1287 451 rapinasque
1306 384 1526 432 exercuit.
1552 386 1749 452 Insuper

324 472 370 508 et
406 462 616 527 Hugonis
651 461 884 527 oppidum
918 462 1051 527 quod
1086 479 1221 511 secus
1260 472 1517 517 torrentem
1548 462 1750 511 Vitulnm

324 540 465 587 situm
496 540 660 588 Braina
687 539 874 598 dicitur,
905 550 1128 606 occupat,
1161 541 1286 607 capit
1313 557 1367 587 ac
1391 539 1549 587 diruit.

585 671 680 705 htx.
691 690 740 697 —
756 670 929 705 liet-iberti
944 671 1151 718 properatio
1164 675 1182 693 ⁸
1201 679 1323 706 cona-a
1336 673 1353 693 ⁶
1372 683 1500 717 regem.

391 772 539 835 Hujus
572 788 686 819 vero
719 771 1017 823 contumeliae
1051 788 1240 820 causam
1274 789 1354 820 rex
1379 790 1429 820 se
1452 770 1751 820 constituisse

325 849 610 914 intelligenS,
631 850 732 915 ejus
749 850 1011 916 potentiam
1036 850 1248 898 minuere
1271 849 1524 916 quaerebat.
1555 852 1751 898 Remen-

324 928 452 975 sibus
476 946 588 993 ergo
620 927 800 976 civibus
824 927 1001 993 legatos
1025 926 1166 975 mittit
1181 962 1194 987 ,
1222 942 1277 975 ac
1302 937 1351 975 ut
1378 925 1654 993 pontificem
1670 926 1751 976 eli·

325 1017 435 1070 gant
459 1007 682 1073 praecipit.
706 1006 849 1066 Quod
873 1007 1014 1054 etiam
1033 1007 1082 1054 ni
1108 1005 1303 1063 faciant,
1332 1005 1478 1053 alium
1489 1016 1657 1073 praeter
1672 1022 1752 1054 eo-

326 1101 432 1131 rum
467 1084 586 1132 velle
625 1085 692 1132 eis
725 1100 826 1132 sese
870 1083 1201 1150 impositurum
1248 1081 1457 1130 mandat.
1503 1086 1560 1131 At
1598 1083 1747 1141 cives,

326 1162 462 1226 regiae
485 1162 729 1227 legationis
746 1161 1022 1210 mandatum
1047 1161 1355 1226 excipientes,
1384 1159 1500 1225 quid
1523 1160 1613 1226 ipsi
1640 1159 1752 1209 inde

327 1239 472 1287 velint
493 1256 549 1287 ac
573 1241 778 1288 sentiant
797 1256 882 1305 per
905 1256 1016 1287 suos
1042 1238 1220 1303 legatos
1243 1238 1478 1295 referunt3
1506 1253 1609 1291 sese
1624 1235 1753 1286 vide-

327 1317 433 1365 licet
463 1319 591 1382 regio
622 1319 755 1382 jussu
782 1316 1013 1365 Heriberti
1048 1315 1197 1364 filium
1230 1315 1339 1363 licet
1362 1314 1520 1363 adhuc
1550 1330 1752 1381 puemm

327 1397 608 1483 suscepisse,
630 1406 772 1461 atque
787 1394 1064 1461 pontificem
1079 1394 1297 1459 elegisse,
1319 1393 1432 1441 inde
1448 1393 1590 1441 etiam
1606 1391 1752 1440 fidem

328 1474 370 1520 ei
390 1474 491 1537 jam
514 1474 683 1522 factam
712 1472 1126 1531 accommodasse,
1158 1481 1447 1537 quapropter
1464 1468 1753 1535 impossible

329 1567 430 1598 esse
454 1562 528 1610 ut,
567 1551 661 1599 fide
687 1550 936 1608 inviolata,
963 1549 1024 1598 ab
1042 1566 1101 1597 eo
1120 1550 1186 1596 sic
1210 1547 1411 1596 deficere
1430 1547 1625 1614 possint.
1657 1548 1751 1594 Rex

331 1628 541 1694 partibus
583 1628 814 1676 Her-iberti
858 1629 983 1675 cives
1025 1628 1179 1675 favere
1220 1625 1482 1690 intelligens
1495 1661 1509 1683 ,
1553 1623 1751 1672 collecto

331 1710 555 1770 exercitu,
578 1709 743 1758 urbem
762 1710 1035 1775 repentinus
1051 1707 1333 1773 aggreditur.
1350 1706 1632 1772 Ingredique
1644 1721 1755 1771 pro-

332 1786 530 1847 hibitus,
563 1786 863 1836 obsidionem
897 1786 1100 1853 applicat
1113 1822 1125 1844 ‚
1159 1802 1214 1833 ac
1246 1784 1455 1832 urbanos
1493 1783 1756 1834 resistentes

333 1864 538 1914 fervidus
554 1865 765 1930 adurget.
785 1864 879 1923 Qui
898 1863 1044 1912 multa
1059 1863 1406 1929 expugnatione
1422 1861 1575 1909 vexati
1586 1897 1600 1920 ,
1622 1859 1757 1908 tertia

334 1942 526 1991 tandem
554 1941 823 1990 ebdomada
846 1951 1006 2007 portas
1029 1941 1138 1988 victi
1168 1950 1214 1987 et
1246 1937 1480 2004 supplices
1511 1951 1751 2003 aperueoe.

360 2082 435 2117 Lx.
448 2082 627 2117 -omio
642 2081 786 2118 nodum
801 2082 890 2128 regis
903 2079 949 2117 ad
961 2083 1002 2102 ⁶⁹
1019 2081 1111 2115 cives
1122 2079 1357 2115 Remum„
1375 2089 1442 2126 pro
1456 2090 1492 2111 ιο
1506 2074 1658 2111 snauh
1674 2076 1732 2108 ⁶⁸.

401 2191 733 2254 lngressusque
768 2187 935 2236 urbem
968 2204 1045 2235 rex
1064 2224 1076 2246 ‚
1114 2197 1221 2253 post
1244 2184 1474 2233 nonnulla
1503 2181 1756 2249 disposita,

335 2265 508 2314 collato
540 2284 649 2314 cum
692 2267 787 2314 suis
827 2265 1026 2314 consilio
1061 2266 1186 2312 cives
1218 2262 1411 2311 accersit
1428 2262 1438 2285 ⁶
1454 2297 1464 2308 .
1494 2262 1761 2324 Coramque

338 2345 404 2393 sic
420 2345 722 2393 contionatus
739 2346 804 2392 ait
825 2363 835 2391 ι
862 2364 884 2388 «
907 2347 1167 2403 Quantum,
1185 2342 1418 2407 inquiens»,
1433 2337 1593 2396 caedis,
1614 2352 1763 2402 quan·

342 2444 363 2466 α
390 2434 492 2471 tum
515 2423 655 2472 etiam
685 2424 954 2490 rapinarum
972 2458 983 2480 ‚
1024 2438 1095 2469 res
1127 2419 1314 2487 publica
1329 2418 1346 2442 ²
1379 2417 1580 2467 factione
1615 2411 1762 2462 malo·

389 2582 404 2595 ⁰
433 2576 603 2611 Her-iberti
619 2588 755 2622 propa,
779 2584 900 2609 contra
925 2588 962 2607 a
983 2575 1118 2619 conjece.

390 2636 428 2653 ‘⁴'
456 2632 479 2666 (l
493 2659 502 2674 ,
519 2645 589 2675 ses,
607 2633 658 2666 ria
673 2645 712 2665 u·
722 2634 867 2676 *cajet-1.

391 2690 400 2709 ¹
428 2698 548 2723 euocat
571 2690 602 2722 l.

386 2747 401 2766 ²
427 2758 455 2779 r.
476 2758 510 2791 p.
533 2744 645 2777 rodet.
