1962 3262
278 214 333 251 9⁶2
788 210 1008 251 menam
1040 210 1141 251 Lm.
1177 211 1208 250 Ι.

276 301 523 356 cogantur.
562 293 618 338 Et
651 307 740 356 pro
771 291 950 339 itineris
977 291 1249 350 securitate,
1270 292 1307 338 si
1324 291 1412 338 sibi
1428 291 1636 357 placeat,
1653 293 1716 342 ab

277 370 386 434 ipsis
421 368 583 433 legatis
612 368 920 432 jurisjurandi
962 367 1108 416 fidem
1148 369 1362 434 accipiat.
1409 370 1504 417 Rex
1542 369 1716 419 borum

277 446 526 506 credulus,
556 445 619 495 ab
645 445 807 511 legatis
818 445 1153 510 jusjurandum
1180 463 1269 512 pro
1294 446 1389 494 fide
1414 447 1620 513 accepit,
1638 464 1713 507 ac,

277 526 380 572 sine
397 540 594 572 suorum
612 523 953 572 deliberatione
967 561 981 583 ,
1009 524 1241 590 proditori
1258 524 1485 573 obvenire
1511 541 1610 573 non
1625 525 1719 575 dis·

276 602 397 650 tulit.
432 604 490 650 Et
512 601 732 668 proditor
758 601 897 650 dolos
912 602 1242 662 dissimulans,
1271 620 1382 651 cum
1408 603 1571 668 paucis
1584 620 1718 670 aeque

275 678 486 728 obvenit.
528 680 753 745 Datisque
785 680 959 728 osculis
988 681 1197 747 excepti,
1238 681 1544 729 familiaribus
1569 681 1716 731 collo·

276 757 399 823 quiis
435 758 568 805 cousi
608 768 733 805 sunt.
778 760 834 805 Et
872 758 996 805 inter
1033 757 1328 823 loquendum
1367 758 1616 807 cohortem
1648 770 1718 808 tu·b

279 847 517 885 matorum
552 835 613 884 ab
642 835 816 884 abditis
841 846 1034 895 evocat,
1070 836 1262 902 regique
1289 837 1481 884 incauto
1512 836 1710 886 inducit.

277 916 372 973 Qui
404 913 695 962 multitudini
728 914 865 962 reniti
897 931 996 961 non
1028 913 1212 971 valens,
1256 930 1284 961 a
1323 914 1522 963 cohorte
1550 926 1717 982 captus

275 1003 371 1053 aet3
407 992 643 1058 aliquibus
673 1009 785 1040 cum
812 1009 871 1040 eo
900 993 1072 1058 captiS,
1107 990 1391 1057 quibusdam
1407 992 1550 1040 etiam
1573 992 1716 1040 inter·

282 1072 480 1137 emptis,
509 1070 700 1136 reliquis
721 1087 915 1135 quoque
942 1070 1124 1135 fugatis
1155 1072 1432 1134 Ductusque
1459 1072 1711 1131 Pel-onam,

271 1147 491 1196 carcerali
519 1147 745 1196 custodiae
776 1147 1045 1213 deputatur.
1087 1147 1342 1206 Germani,
1377 1163 1485 1211 rege
1510 1147 1711 1207 amisso,

277 1225 323 1272 in
356 1225 553 1273 deversa
592 1226 821 1274 feruntur.
872 1228 1092 1283 Quorum
1123 1224 1200 1272 alii
1239 1224 1301 1273 de
1336 1225 1491 1273 reditu
1530 1225 1717 1275 domini

277 1301 550 1363 elaborant,
594 1303 671 1350 alii
712 1320 826 1350 vero
858 1320 884 1350 a
915 1319 999 1368 spe
1036 1302 1232 1367 dejecti,
1277 1302 1479 1351 Rodulfo
1514 1304 1611 1369 regi
1652 1303 1716 1353 fa·

277 1391 414 1441 vent,
466 1398 555 1429 nec
586 1391 746 1429 tamen
791 1381 839 1428 in
883 1381 984 1444 ejus
1023 1380 1167 1429 fidem
1203 1382 1392 1448 penitus
1421 1382 1710 1431 concedunt.

276 1461 494 1516 Quorum
539 1460 721 1525 priores
755 1459 1104 1524 exspectatione
1139 1459 1320 1507 diutina
1354 1459 1538 1507 domini
1579 1459 1715 1509 liber-

276 1546 420 1584 tatem
468 1537 763 1602 operientes,
815 1536 1117 1585 Herihertum
1152 1537 1447 1602 proditorem
1493 1537 1554 1585 de
1602 1537 1711 1587 fidei

279 1614 534 1662 violatione
563 1632 676 1680 sepe
698 1625 1051 1674 convenerunt,
1080 1631 1137 1662 ac
1166 1614 1280 1662 inde
1308 1614 1568 1683 plurimum
1584 1617 1713 1682 apud

279 1690 402 1738 male
428 1692 647 1739 conscios
677 1692 925 1780 conquesti
955 1702 1080 1740 sunt.
1112 1692 1297 1751 Quibus
1311 1693 1596 1758 persuadere
1612 1710 1711 1743 non

277 1768 515 1829 valentes,
555 1769 616 1817 de
643 1770 835 1835 perjurii
864 1780 994 1817 reatu
1023 1770 1139 1817 nihil
1171 1770 1358 1817 ruboris
1389 1771 1708 1831 incusserunt,

276 1863 387 1894 cum
418 1848 485 1895 ira
515 1848 600 1895 Dei
631 1848 699 1895 eis
726 1848 1008 1895 immineret.

443 1988 597 2022 xhvlu
614 2008 662 2015 —
677 1988 823 2023 Exactio
836 1991 854 2010 ⁴
873 1989 1030 2035 pecunie
1041 1990 1061 2010 ⁹
1080 1990 1227 2036 publica
1239 1992 1257 2011 ⁶
1276 1989 1396 2036 piratis
1410 1988 1548 2024 danda.

347 2088 453 2133 Haec
487 2085 604 2133 dum
638 2096 913 2150 agerentur,
955 2087 1164 2152 pyratae‘
1204 2085 1378 2134 Gallias
1408 2088 1709 2152 irruperunt,

279 2162 518 2226 pecudum
553 2174 976 2229 armentorumque
1006 2163 1318 2223 abductione,
1362 2165 1714 2231 multarumque

278 2257 427 2306 opum
458 2241 714 2300 exhaustu,
749 2259 859 2289 cum
887 2241 1205 2307 plurimorum
1240 2243 1508 2307 captivitate
1539 2253 1711 2291 terram

276 2317 637 2385 depopulantes.
667 2323 885 2378 Quorum
916 2320 1146 2386 impetum
1174 2337 1253 2367 rex
1285 2319 1479 2380 dolenS,
1515 2337 1712 2370 suorum

278 2417 390 2447 usus
421 2400 620 2448 consilio
648 2402 943 2449 exactionem
968 2402 1182 2467 pecuniae
1203 2401 1436 2449 collatitiae
1465 2401 1565 2450 fieri
1581 2419 1713 2451 exac-

280 2476 460 2525 toribus
490 2477 684 2538 indixit,
730 2496 834 2543 quae
867 2478 1082 2526 hostibus
1110 2479 1158 2526 in
1195 2480 1324 2544 pacis
1355 2490 1495 2544 pacto
1531 2481 1712 2530 conser-

278 2566 419 2602 retur.
460 2559 514 2603 Et
552 2556 747 2611 collata,
782 2557 840 2604 ad
879 2568 1042 2604 votum
1080 2573 1337 2603 commune
1380 2558 1706 2622 paciscuntur,

335 2686 338 2692 “
374 2678 418 2718 Ε,
437 2690 474 2720 c,
493 2692 524 2711 c.
544 2693 576 2711 es
598 2683 734 2723 conjert.

328 2734 335 2751 ¹
366 2736 564 2769 nortmanni
595 2738 623 2769 Ι.
