1962 3262
308 271 391 313 2⁴6
803 269 1027 312 menam
1057 270 1159 311 Lm.
1191 270 1253 313 n.

310 351 540 403 flodulfus
555 350 885 401 Laudunensis
903 351 1174 419 episeopus,
1207 350 1356 402 Wido
1384 351 1530 403 etiam
1554 352 1749 423 Sue-o·

310 431 478 491 nicus,
512 445 704 479 necnon
747 439 797 478 et
832 428 1131 519 Hildegarius
1160 428 1481 489 Belvacensis,
1507 414 1749 495 ceterique

312 509 555 558 Remensis
586 507 835 558 dioceseos
863 509 1104 575 episcopi,
1140 507 1203 557 ad
1241 507 1406 557 sedem
1437 506 1749 575 apostolieum

312 604 403 654 pro
430 587 727 635 restitutione
755 586 970 651 Hugonis
994 596 1043 635 et
1077 584 1381 635 abdicatione
1402 584 1610 648 einoldi,
1651 585 1751 654 epi-

313 665 487 714 stolam
518 665 760 725 miserint;
785 665 913 713 unde
937 674 986 714 et
1014 664 1252 714 domnum
1284 681 1460 733 papam
1486 662 1551 713 ad
1580 679 1752 714 eorum

314 754 453 805 vota,
495 760 761 810 eorumque
798 744 1104 810 petitionem,
1143 744 1308 793 omnia
1338 741 1439 791 fleri
1466 740 1604 792 velle.
1639 741 1754 792 Post
1788 786 1794 790 .

314 822 450 887 cujus
483 822 834 881 recitationem,
872 820 1085 888 pnedicti
1126 837 1240 870 mox
1277 830 1620 887 consurgente
1655 820 1756 890 epi·

316 901 477 966 scopi,
507 900 717 967 epistolae
747 901 1031 948 sententiam
1063 901 1252 966 penitus
1280 899 1660 950 confitnruntac
1674 915 1755 948 eu·

318 978 610 1026 lumniarum
626 978 904 1043 injectorem
927 978 1176 1027 hominem
1198 976 1586 1044 perditissimum'
1600 977 1758 1026 adcla-

319 1066 527 1105 marunt.
547 1056 733 1116 Quibus
748 1074 860 1105 cum
875 1057 1113 1105 contraire
1129 1073 1229 1105 non
1254 1066 1416 1122 posset
1427 1091 1441 1116 ‚
1468 1053 1757 1122 quibusdum

321 1134 585 1183 maledictis
622 1151 707 1183 eos
748 1134 947 1183 adortus
968 1172 981 1193 ,
1022 1135 1213 1201 publice
1258 1134 1321 1183 de
1368 1133 1571 1201 perfidia
1600 1134 1760 1183 orimi-

323 1213 526 1261 nabatur
546 1213 581 1259 ⁴.

492 1336 1316 1386 Lxxlx.—Calumnintoris·episoopomm
1338 1335 1593 1386 repectu-150⁰.

388 1438 523 1484 Tunc
564 1453 594 1484 a
634 1436 819 1485 domno
862 1435 1048 1484 Marino
1091 1434 1366 1483 decernitur
1406 1443 1462 1483 ut
1505 1433 1766 1484 redtentm·

326 1512 532 1581 capitula
580 1513 643 1563 de
693 1512 1117 1565 calumniatoribus
1155 1512 1356 1580 pmlata.
1412 1510 1599 1572 Quibus
1648 1527 1765 1578 mox

328 1591 488 1653 lectiS,
538 1609 651 1640 cum
691 1591 1009 1641 calumniator
1037 1592 1177 1640 reniti
1214 1608 1316 1640 non
1348 1602 1543 1658 posset,
1582 1590 1767 1678 episco-

328 1687 503 1736 porum
525 1670 699 1735 juditio
729 1670 1010 1719 diaconatus
1036 1686 1135 1736 quo
1169 1668 1453 1734 fungebatur
1481 1668 1642 1717 officio
1671 1667 1768 1735 pri-

329 1762 484 1812 vatur,
509 1762 557 1800 et
574 1769 600 1800 a
620 1763 879 1819 conspectu
906 1750 1065 1800 sinodi
1089 1749 1435 1799 contumeliose
1464 1748 1764 1817 reprobatum,

331 1834 457 1883 exire
470 1834 790 1901 compellitur.
810 1833 1008 1882 Artoldo
1025 1849 1140 1881 vero
1151 1832 1459 1900 pontificatus
1468 1831 1764 1898 dignitatem,

332 1915 599 1964 secundum
625 1932 869 1964 canonum
900 1916 1113 1963 instituta
1143 1924 1433 1981 patrumque
1459 1913 1771 1975 decmta,si-

336 1998 496 2046 nodus
509 1997 786 2047 habendam
812 1997 1028 2047 decernit
1052 2007 1195 2064 atque
1218 1996 1503 2046 corroborat
1519 2030 1535 2058 ,
1560 2012 1622 2047 eo
1636 1994 1770 2063 quod

334 2075 509 2124 nullius
542 2075 732 2125 concilii
763 2075 1026 2125 rationibus
1068 2076 1294 2124 iuteresse
1327 2074 1567 2146 refugerit.
1615 2076 1769 2143 Atque

334 2155 436 2204 baec
450 2157 606 2222 prima
620 2155 938 2204 consessionis
952 2154 1032 2203 die
1046 2156 1303 2204 constituta
1317 2164 1446 2206 sunt.

983 2278 1118 2314 Lxxx
1124 2305 1133 2313 .

402 2371 621 2422 Secunda
648 2389 764 2422 vero
788 2372 867 2421 die
880 2409 894 2432 ,
933 2382 1043 2439 post
1078 2373 1293 2422 recitatas
1316 2389 1459 2422 sacrae
1481 2373 1776 2428 auctor-iuti!

339 2451 567 2500 lectiones
596 2461 645 2500 et
675 2451 843 2500 domni
870 2450 1083 2500 notberti
1114 2451 1455 2501 allocutionem
1470 2489 1484 2513 ‚
1522 2468 1552 2500 a
1582 2465 1776 2501 venen-

340 2527 422 2576 bili
446 2529 631 2578 Marino
654 2529 960 2579 constituitur
978 2539 1031 2577 ut
1061 2531 1292 2595 quoniam
1319 2531 1453 2595 juxta
1490 2546 1634 2580 suem
1660 2530 1777 2596 hgin

341 2608 623 2656 sententiam
650 2606 935 2674 pontificalis
957 2606 1163 2672 dignitas
1190 2608 1388 2656 Ai'toldo
1423 2610 1637 2658 restituta
1669 2617 1742 2658 est
1758 2644 1773 2668 ,

387 2742 407 2760 ⁶
428 2740 511 2783 Cal,
530 2749 600 2785 tor,
618 2753 722 2789 repro
738 2741 879 2776 abscisa.

391 2797 400 2816 ⁸
431 2800 601 2844 Hucusque
616 2806 831 2831 aeramentum·
844 2798 997 2842 saecun.
1019 2797 1142 2845 reh'qua
1159 2796 1280 2832 codicis
1299 2798 1436 2842 nigriori
1453 2797 1575 2845 scripu
1593 2804 1683 2846 funt.
1700 2795 1742 2830 P.
