1962 3262
315 192 370 231 62
832 190 1051 232 nlcnmu
1083 190 1183 232 Lm.
1218 191 1254 232 1.

315 287 506 331 caum,
538 272 667 336 regio
703 271 896 319 decreto
932 281 979 320 et
1010 270 1364 338 metropolitani
1390 271 1525 335 jussu
1555 272 1755 323 sinodus

314 349 443 416 apud
454 348 718 397 Trosleium
730 348 953 398 habenda
969 349 1208 398 indicitur.
1225 350 1313 398 Cui
1331 349 1523 410 sinodo,
1544 350 1754 401 domnus

316 428 542 476 Heriveus
559 426 795 495 praesedit,
812 443 921 492 rege
937 443 1132 493 quoque
1149 426 1327 475 ibidem
1341 427 1639 494 praesidente.
1664 428 1753 479 Ubi

315 522 460 572 quam
484 505 701 572 plurimis
719 521 826 570 quae
849 503 1048 553 utillima
1074 505 1174 553 visa
1190 514 1303 554 sunt
1318 505 1661 567 determinatis,
1688 524 1757 556 re-

315 584 385 649 gis
414 584 683 632 interventu
708 592 755 630 et
779 582 998 630 omnium
1023 583 1359 650 episcoporum
1383 584 1467 649 qui
1491 584 1703 633 sinodo
1689 602 1757 634 m·

316 660 518 709 ter-fuere
560 676 798 708 consensu
839 658 1048 708 domnus
1091 660 1318 709 Heriveus
1362 662 1758 729 metropolitanus

318 737 621 786 Erlebaldum
651 736 931 803 praedictum
954 738 1319 787 Castrioensium
1349 741 1574 789 comitem
1598 758 1627 789 a
1659 742 1759 790 vin·

315 817 425 865 culo
454 814 992 865 excommunicationis‘.
1024 814 1243 864 absolvit.
1282 816 1351 865 lbi
1377 818 1521 866 etiam
1553 819 1757 867 Rodulfo

317 894 705 944 Laudunensium
724 893 952 960 episeopo
969 893 1214 955 defuncto,
1234 894 1529 944 Adelelmum
1542 897 1757 961 ejusdem

318 973 448 1021 urbis
479 972 824 1021 thesaurarium
863 970 1015 1019 multo
1048 972 1384 1039 episcoporum
1423 990 1660 1023 oonsensu
1695 976 1758 1024 ab

318 1069 427 1117 rege
450 1051 683 1099 donatum
707 1049 1033 1116 sollempniter
1056 1049 1263 1098 ordinat.

960 1174 1117 1210 xxvn.

384 1263 467 1310 His
490 1277 719 1328 prospere
746 1271 795 1309 et
812 1259 989 1308 utiliter
1007 1260 1165 1325 gestis,
1193 1275 1275 1307 rex
1299 1261 1544 1326 superiora
1568 1261 1762 1328 Belgicae

319 1341 514 1407 repetit,
545 1339 702 1405 aliqua
734 1355 933 1386 suorum
958 1337 1024 1385 ibi
1045 1338 1368 1386 ordinaturus.
1398 1341 1451 1386 ln
1475 1338 1760 1390 Ricbuinum

318 1418 544 1466 comitem
558 1417 722 1476 fertur,
736 1432 796 1464 eo
805 1415 939 1481 quod
954 1425 1002 1463 et
1017 1415 1117 1482 ipse
1129 1415 1362 1477 desertor,
1377 1416 1589 1465 Rotberti
1603 1429 1763 1484 partes

322 1496 557 1544 tuebatur.
579 1494 691 1559 Ejus
708 1510 822 1559 ergo
838 1493 1029 1559 oppidis
1052 1492 1354 1542 obsidionem
1379 1493 1592 1556 adhibet,
1619 1495 1758 1545 vehe-

322 1575 470 1623 menti
483 1572 834 1640 expugnatione
860 1571 1101 1619 infestans.
1133 1575 1190 1619 At
1212 1571 1291 1619 ille
1307 1572 1570 1638 equitatum
1594 1573 1758 1623 intole-

322 1652 519 1702 rabilem
537 1651 807 1710 advertens,
823 1649 932 1714 jure
945 1648 1170 1698 obsidum
1187 1649 1339 1697 victus
1357 1649 1418 1697 ad
1437 1666 1596 1715 regem
1615 1650 1753 1699 redit.

323 1732 419 1778 Rex
442 1730 621 1777 victum
639 1727 895 1794 excipiens,
922 1727 1138 1775 animum
1161 1726 1223 1775 ab
1246 1728 1317 1775 ira
1340 1727 1551 1794 mitigat²
1573 1744 1630 1777 ac
1645 1745 1757 1778 eum

320 1809 369 1856 in
388 1808 586 1874 gratiam
609 1806 820 1855 resumit.

956 1912 1135 1949 xxvm.

388 2003 518 2048 Dum
539 1999 642 2047 haec
665 1997 966 2064 gerebantur,
996 1997 1249 2046 Rotbertus
1276 1996 1464 2047 Celtieoe
1484 1998 1647 2048 Galliae
1661 1998 1759 2048 dux

325 2080 501 2146 piratas
524 2077 694 2125 acriter
723 2074 997 2142 impetebat.
1026 2078 1300 2142 Irruperant
1321 2077 1469 2137 enim,
1496 2076 1619 2126 duee
1658 2078 1763 2125 Rol-

324 2157 437 2205 lone
454 2155 554 2203 filio
573 2154 743 2214 Catilli,
771 2154 894 2201 intra
909 2154 1174 2202 Neustriam
1198 2155 1450 2220 repentini.
1469 2156 1669 2221 Jamque
1692 2156 1762 2204 Li-

324 2235 474 2302 gerim
490 2233 638 2282 classe
662 2231 1035 2291 transmiserant,
1063 2247 1119 2279 ac
1146 2230 1321 2279 finibus
1356 2232 1480 2280 illius
1511 2232 1762 2282 indemnes

325 2310 645 2380 potiebantur.
686 2308 824 2356 Ibant
854 2309 1030 2375 passim
1053 2309 1289 2381 palantes,
1317 2320 1459 2375 atque
1489 2327 1600 2359 cum
1626 2311 1764 2360 vehe-

327 2388 568 2440 mentibus
596 2386 835 2436 manubiis
873 2386 935 2434 ad
968 2386 1167 2435 classem
1197 2404 1300 2435 sese
1330 2387 1611 2436 referebant.
1654 2391 1760 2436 Dux

327 2485 443 2519 vero
464 2485 522 2516 ex
547 2475 647 2515 tota
670 2465 886 2514 Neustria
910 2465 1072 2532 copias
1094 2464 1370 2530 eollegerat,
1392 2465 1553 2532 plures
1568 2482 1763 2532 quoque

329 2566 385 2596 ex
413 2545 662 2612 Aquitania
678 2544 1011 2598 accersiverat·
1032 2542 1229 2591 aderant
1246 2543 1387 2591 etiam
1406 2543 1468 2592 ab
1485 2561 1595 2610 rege
1611 2544 1764 2593 missae

381 2666 392 2685 “
419 2677 500 2699 exa
479 2664 567 2698 acibs
566 2675 649 2698 sm

378 2722 393 2741 ⁸
418 2733 466 2755 a..
486 2720 566 2755 ira..
586 2719 711 2765 mitig..
730 2717 846 2751 codes.
