1962 3262
349 241 430 283 260
845 239 1064 281 menam
1097 239 1197 281 ΜΒ.
1228 240 1286 281 ΙΙ.

350 342 375 366 u
404 322 649 386 negotium
676 319 985 369 solummodo
1014 321 1158 369 armis
1174 319 1450 387 viribusque
1477 331 1601 370 esset
1620 330 1767 372 attan

348 423 372 447 «
402 402 654 469 ptandum.
695 401 788 451 Sed
829 403 942 468 quia
974 418 1062 469 per
1097 403 1315 451 astutiam
1354 402 1456 467 ejus
1494 403 1783 472 principium

348 502 371 527 α
402 481 574 529 utilitas
597 480 788 547 aggredi
811 479 1001 542 suadet,
1024 491 1169 548 prout
1188 481 1305 528 mihi
1324 481 1531 543 videtur,
1558 481 1784 532 cobortes

345 580 368 604 «
398 559 581 625 aliquot
603 575 738 607 secus
756 568 970 606 montem
995 558 1045 606 in
1066 558 1239 608 abditis
1267 558 1505 625 ponendae
1532 569 1659 608 sunt.
1695 563 1784 611 Ex·

345 662 369 687 «
390 639 705 708 spectandum
751 641 893 688 etiam
932 656 1029 706 qua
1073 649 1351 707 tempestate
1388 657 1540 706 equos
1560 639 1778 691 educant

342 735 618 784 «agasones
661 716 915 766 herbatum
956 727 1287 785 potatumque.
1334 718 1429 778 Qui
1462 734 1576 768 cum
1605 717 1656 768 in
1689 735 1780 768 suo

341 817 365 842 «
388 807 606 863 tempore
644 796 817 861 egressi
850 795 1048 856 suerint,
1094 806 1143 845 et
1173 795 1236 844 ab
1274 795 1662 846 observatoribus
1698 813 1781 847 eo-

340 895 364 920 «
395 892 501 922 rum
528 891 742 939 egressus
770 883 818 922 et
847 890 1076 922 numerus
1104 872 1244 923 nobis
1270 874 1519 935 referetur,
1555 890 1671 923 mox
1715 873 1780 923 ad

340 974 363 999 α
393 970 562 1001 eorum
581 969 836 1000 numerum
861 951 1101 1000 lectissimi
1119 953 1322 1018 juvenes
1344 952 1519 1002 eodem
1536 962 1743 1002 scemate
1757 988 1773 1014 ,

339 1052 363 1078 «
393 1030 662 1096 eodemque
685 1047 888 1079 numero
908 1030 1159 1097 capitibus,
1182 1041 1235 1079 ut
1251 1031 1355 1097 ipsi,
1374 1030 1577 1098 pilleatis
1591 1030 1604 1056 ¹
1636 1030 1779 1080 farra·

339 1130 363 1155 «
386 1110 547 1175 ginem
564 1110 613 1157 in
636 1109 770 1174 equis
785 1108 847 1156 ad
862 1118 1053 1175 portam
1073 1108 1313 1168 deserant,
1345 1108 1476 1156 unde
1501 1107 1648 1175 paulo
1664 1118 1776 1157 ante

338 1209 362 1234 «
391 1205 619 1253 agasones
643 1188 878 1247 exierant,
921 1187 1017 1234 acsi
1050 1187 1140 1253 ipsi
1171 1203 1401 1252 agasones
1431 1185 1644 1234 redeant.
1679 1186 1776 1245 Qui

337 1286 362 1312 κ
391 1284 503 1314 cum
527 1265 776 1313 altitudine
795 1264 1126 1313 fasciculorum
1143 1275 1388 1331 aspectum
1406 1274 1777 1331 protegen-epos-

337 1365 361 1389 «
384 1345 479 1392 sint
506 1343 627 1391 sacili
660 1344 870 1408 ingressu
907 1342 1076 1391 urbem
1108 1342 1443 1409 penetrabunt.
1484 1345 1544 1390 Et
1570 1358 1633 1390 ne
1655 1341 1773 1408 quid

338 1443 362 1467 α
386 1421 677 1488 impossibile
692 1438 720 1469 a
738 1438 815 1469 me
828 1421 1011 1469 dictum
1025 1422 1293 1488 suspiceris,
1312 1438 1483 1469 eorum
1502 1420 1677 1470 ducem
1687 1437 1774 1475 ,me

337 1522 361 1546 ιι
391 1502 440 1549 in
453 1500 548 1548 hoc
562 1500 820 1549 certamine
829 1499 996 1547 offero.
1017 1500 1185 1549 Animo
1199 1510 1383 1548 tantum
1399 1499 1494 1548 sint
1504 1499 1769 1559 comtanti3

337 1600 361 1625 α
383 1596 626 1627 successus
650 1596 783 1639 vero,
811 1581 914 1627 Deo
933 1577 1139 1639 volente,
1167 1577 1539 1646 prosperabitur.
1575 1577 1626 1626 Si
1657 1594 1774 1644 ergo

338 1678 361 1703 α
385 1658 709 1724 tempestivius
726 1657 852 1704 cives
876 1656 1070 1705 insidias
1095 1656 1367 1717 advertant,
1393 1653 1670 1722 bellumque
1684 1672 1775 1705 no·

337 1759 361 1785 α
390 1739 464 1787 bis
482 1738 789 1806 paucioribus
814 1738 1043 1798 inferant,
1073 1738 1220 1787 fixum
1239 1738 1379 1787 nobis
1403 1739 1567 1786 animo
1581 1738 1659 1800 sit,
1691 1748 1775 1788 aut

337 1842 361 1867 u
382 1831 531 1888 portae
550 1822 810 1886 ingressum
836 1831 1022 1869 tantum
1045 1821 1194 1880 tueri,
1221 1819 1379 1869 donec
1402 1819 1528 1869 tuboe
1550 1819 1774 1885 clangore

232 1949 251 1965 0
338 1919 362 1943 α
382 1900 590 1947 excitatae
614 1898 838 1947 cohortes
861 1898 1002 1947 nobis
1027 1898 1339 1959 subveniant,
1374 1905 1460 1947 aut
1486 1897 1638 1947 multa
1655 1913 1775 1947 con·

337 1997 360 2022 «
390 1978 560 2025 stantia
596 1977 644 2024 in
674 1976 782 2025 loco
811 1993 958 2043 quem
980 1978 1183 2043 quisque
1211 1976 1499 2044 possidebit,
1527 1976 1774 2043 magnani—

338 2076 361 2100 ι(
392 2056 531 2103 mitet·
554 2055 721 2103 emori.
749 2074 771 2099 n

1015 2173 1092 2209 XC.

398 2285 682 2351 Hujusmodi
701 2301 862 2334 rerum
881 2285 1152 2352 dispositio,
1175 2284 1401 2332 omnibus
1427 2293 1538 2351 apta
1559 2282 1766 2333 videtur.

333 2362 673 2411 observatores
690 2364 847 2429 itaque
862 2363 1046 2423 directi,
1065 2379 1327 2429 agasonum
1346 2361 1766 2427 consuetudinem,

331 2458 596 2507 eorumque
643 2440 859 2489 habitum
881 2477 894 2501 ‚
946 2451 1134 2507 tempus
1178 2457 1374 2506 quoque
1423 2451 1471 2488 et
1512 2456 1771 2488 numerum

330 2518 649 2584 promtissime
683 2518 907 2566 referunt.
944 2518 1014 2566 Ad
1042 2535 1211 2566 eorum
1239 2535 1434 2584 quoque
1462 2517 1665 2567 relatum
1689 2534 1771 2568 oo-

328 2595 491 2646 hortes
507 2598 554 2645 in
573 2597 746 2646 abditis
762 2615 897 2646 secus
917 2608 1131 2646 montem
1149 2597 1388 2665 dispositae
1409 2607 1536 2646 sunt.
1564 2600 1657 2646 Pro
1684 2613 1773 2645 nu-

415 2755 591 2790 olnvolutis
620 2757 651 2788 ί.
