1962 3262
313 212 390 250 102
810 209 1027 250 menam
1060 209 1157 250 LlB.
1190 210 1222 249 1.

311 305 399 353 pro
422 305 480 335 eo
503 291 699 338 Romam
718 289 893 354 legatos
910 290 1090 354 dirigit,
1112 306 1167 337 ac
1181 289 1383 337 Johanni
1409 306 1541 356 papoe
1557 290 1729 356 episto-

314 365 407 412 lam
429 366 596 428 mittit,
617 383 704 433 per
719 382 863 432 quam
881 365 1196 431 significabat,
1218 377 1382 414 contra
1400 366 1624 415 Karolum
1642 383 1732 415 nec

312 460 414 491 sese
454 444 749 508 conjmasse,
786 460 876 492 nec
914 444 1253 508 conjurationis
1286 445 1532 493 conscium
1562 443 1728 504 fixisse,

311 521 569 586 conjuratis
601 531 784 571 tantum
818 521 1017 570 invitum
1049 522 1255 570 cessisse.
1298 521 1433 570 Unde
1466 531 1513 570 et
1540 538 1591 570 se
1612 518 1733 578 velle

310 597 568 664 plurimum
595 609 648 647 ut
682 599 880 647 Karolus
909 616 1055 666 regno
1086 600 1371 659 restituatur,
1398 600 1478 665 qui
1505 599 1733 647 innocens

312 677 414 727 sine
430 694 571 725 causa
588 677 796 741 abjectus
813 678 887 725 sit.
910 680 1005 725 Nec
1021 676 1175 726 solum
1195 694 1245 726 se
1262 678 1311 725 in
1326 677 1416 725 hac
1433 694 1534 725 esse
1550 686 1735 726 senten·

313 755 376 804 tia
389 791 403 815 ,
421 766 470 803 at
494 756 786 821 optimorum
803 772 1019 821 quosque
1035 756 1046 778 ‘
1073 766 1240 822 praeter
1256 755 1346 804 hos
1361 756 1445 821 qui
1459 755 1599 803 donis
1616 754 1734 805 mul·

315 833 551 899 tiplicibus
569 834 780 900 corrupti
794 833 887 880 sint
899 833 916 857 ²
933 851 948 893 3
966 842 1256 899 quapropter
1272 843 1319 881 et
1342 834 1442 899 ipse
1458 833 1734 881 auctoritate

312 911 569 977 apostolica
595 927 741 976 regno
768 911 944 959 restitui
976 927 1133 975 regem
1156 910 1390 974 abjectum
1412 909 1597 974 jubeat3
1628 911 1733 976 qui·

313 1006 519 1054 cumque
548 989 649 1053 ejus
677 999 911 1055 praecepto
936 987 1155 1052 refragari
1185 988 1315 1035 nisus
1343 986 1505 1049 fuerit,
1540 986 1734 1036 anadle·

315 1077 439 1114 mate
466 1077 703 1132 perpetuae
730 1066 1072 1114 maledictionis
1097 1065 1441 1131 condempnet;
1468 1081 1523 1113 ac
1539 1082 1629 1131 pro
1645 1065 1736 1114 hac

316 1161 366 1192 re
385 1146 618 1210 episcopis
649 1155 790 1209 atque
817 1144 1107 1210 principibus
1123 1143 1381 1190 Galliarum
1404 1153 1450 1191 et
1476 1144 1738 1191 Germaniae

318 1223 564 1288 epistolam
598 1223 791 1286 dirigat,
827 1223 1149 1270 continentem
1176 1231 1223 1269 et
1252 1221 1490 1268 bonorum
1519 1220 1740 1269 benedic-

319 1300 498 1348 tionem
528 1310 575 1347 et
601 1299 1005 1348 contradictorum
1027 1298 1423 1347 maledictionem.
1446 1298 1603 1362 Legati
1624 1313 1738 1363 ergo

322 1380 520 1425 Romam
558 1388 816 1444 properant
859 1379 1100 1443 negotium
1122 1378 1137 1401 ³
1190 1378 1424 1443 peracturi
1438 1413 1451 1437 ,
1492 1376 1577 1425 sed
1621 1380 1738 1425 con}

320 1465 512 1521 sumpto
543 1455 722 1504 itineris
752 1455 941 1515 labore,
971 1454 1088 1503 nihil
1112 1453 1445 1502 mandatorum
1473 1461 1733 1520 peragunt:

321 1549 529 1599 namque
558 1550 586 1581 a
613 1534 831 1599 praefecto
862 1544 1027 1600 captus
1054 1548 1176 1598 papa
1189 1568 1201 1592 ,
1231 1547 1289 1580 eo
1314 1530 1445 1596 quod
1474 1547 1502 1578 a
1525 1546 1576 1579 se
1598 1530 1740 1598 pluri-

321 1626 455 1658 mum
479 1610 749 1671 dissideret,
771 1610 832 1658 ab
858 1627 916 1658 eo
942 1609 1162 1658 carcerali
1185 1607 1399 1657 custodia
1422 1606 1734 1656 detinebatur.

324 1687 462 1735 Unde
486 1698 533 1735 et
555 1689 656 1736 sine
686 1689 929 1753 legationis
953 1687 1119 1736 effectu
1144 1686 1365 1752 digressi,
1399 1687 1447 1734 in
1469 1684 1645 1734 'Gallias
1664 1700 1739 1738 re.-

324 1775 556 1814 mearunt.
580 1766 851 1814 Heribertus
868 1782 980 1814 vero
998 1765 1058 1813 ad
1088 1764 1178 1813 alia
1199 1781 1300 1812 sese
1318 1763 1588 1825 conserens,
1611 1761 1741 1829 apud

325 1846 574 1908 Hugonem
591 1844 605 1868 ⁴
635 1845 845 1892 Rotberti
878 1843 1026 1891 filium
1052 1843 1112 1890 de
1141 1842 1234 1891 fide
1261 1843 1383 1890 inter
1404 1838 1740 1890 sesehabenda

324 1922 446 1970 adeo
467 1921 718 1987 satagebat.
741 1925 894 1981 Quem
913 1932 958 1969 et
973 1920 1268 1969 suasionibus
1285 1919 1532 1967 efficaciter
1547 1916 1736 1975 allicuit,

326 2017 381 2047 ac
401 1999 495 2047 fide
513 2001 637 2067 pacti
655 1999 999 2063 sibi-annexuit.
1019 1999 1228 2063 Hugonis
1246 1998 1402 2063 itaque
1419 1995 1624 2044 efficacia
1637 2010 1742 2060 per-

325 2094 511 2137 suasuS,
551 2077 611 2127 ad
649 2076 903 2125 Rodulfum
937 2076 1084 2137 redit,
1126 2076 1263 2142 eique
1298 2073 1620 2123 reconciliatus
1659 2070 1740 2119 ali·

326 2155 537 2221 quandiu
563 2156 699 2203 hesit.
729 2156 872 2219 Cujus
896 2156 943 2202 in
973 2154 1118 2202 multa
1149 2155 1294 2218 gratia
1317 2161 1582 2217 susceptus,
1615 2159 1669 2197 ut
1691 2165 1741 2196 se

326 2236 562 2284 fidelitatis
588 2247 909 2284 exsecutorem
938 2246 1244 2295 monstraret,
1275 2233 1499 2283 Kamlum
1524 2248 1635 2280 mox
1661 2233 1741 2278 Pe-

327 2330 455 2361 ronae
474 2314 523 2360 in
542 2330 777 2361 carcerem
796 2313 998 2361 retrusit.

376 2428 386 2447 ⁸
414 2427 602 2462 nonnullo·
620 2430 632 2462 ¹
646 2455 651 2460 .

371 2487 452 2555 ’ᾖ
472 2500 586 2535 coda.

371 2576 388 2597 ⁸
411 2557 515 2621 negiu
531 2573 681 2607 debean.

373 2632 387 2653 ⁴
412 2632 455 2666 ss.
473 2630 587 2665 mdes.
