1962 3262
360 245 443 285 270
856 244 1077 287 menam
1109 245 1207 287 Lm.
1241 246 1298 287 n.

358 336 656 375 crumentum
680 327 802 393 regis
830 326 1049 389 efficitur,
1067 344 1123 376 ac
1141 328 1310 377 turrim
1341 327 1665 380 Laudunioem
1693 331 1791 381 suis

356 417 656 466 evacuatam,
684 406 782 472 regi
809 405 988 468 reddit;
1024 406 1223 455 multam
1251 405 1428 456 abinde
1446 406 1591 457 iidem
1620 425 1673 458 se
1695 425 1792 459 ser-

356 497 578 537 vaturum
597 487 844 555 pollicens.

973 751 1143 787 xcvm.

415 855 580 901 Jussus
604 867 720 918 ergo
740 850 804 900 ab
820 867 962 917 rege,
1001 851 1052 900 in
1076 851 1378 917 Aquitaniam
1407 852 1667 901 exercitum
1689 853 1790 920 regi

349 945 501 1002 parat.
521 935 669 994 Quo
656 951 707 983 m
727 934 862 983 brevi
884 933 1105 995 collect0,
1125 933 1280 982 causis
1302 949 1465 982 rerum
1493 933 1788 1000 exigentibus

349 1013 411 1061 ad
435 1012 685 1062 interiores
718 1012 1003 1078 Burgundiae
1030 1021 1192 1079 partes
1223 1028 1306 1060 rex
1334 1027 1500 1060 secum
1526 1013 1787 1063 exercitum

347 1089 523 1156 dirigit.
543 1092 667 1139 Cum
694 1106 809 1156 ergo
837 1090 887 1138 in
921 1106 1037 1156 agro
1066 1090 1486 1139 Matisconensium
1504 1100 1658 1141 castra
1678 1090 1788 1159 fige-

347 1176 420 1218 ret
437 1204 451 1229 ,
487 1169 698 1217 occurrit
728 1168 773 1217 ei
803 1167 1006 1217 Karolus
1035 1168 1402 1228 Constantinus,
1445 1169 1642 1219 Viennoe
1677 1170 1787 1219 civi·

347 1247 454 1296 tatis
471 1246 696 1314 princeps
708 1283 721 1306 ,
750 1246 948 1312 ejusque
962 1245 1167 1294 efficitur
1181 1245 1328 1294 fidem
1350 1246 1666 1311 jurejurando
1678 1264 1787 1316 pac-

345 1335 438 1374 tus,
460 1325 547 1374 Hic
557 1342 616 1374 ex
632 1325 763 1392 regio
780 1324 977 1391 quidem
1002 1340 1175 1390 genere
1189 1334 1331 1373 natus
1351 1333 1475 1385 erat,
1501 1324 1587 1374 sed
1611 1341 1786 1375 concu-

343 1403 491 1452 binali
514 1413 764 1452 stemmate
778 1420 932 1470 usque
956 1401 1019 1451 ad
1035 1403 1262 1451 tritavum
1278 1401 1531 1465 sordebat,
1557 1403 1633 1453 vir
1646 1419 1784 1471 gran-

345 1481 523 1543 devus,
551 1492 599 1531 et
622 1481 784 1530 multis
806 1480 1045 1530 bellorum
1069 1480 1256 1529 casibus
1280 1481 1535 1547 saepissime
1565 1482 1779 1543 aui-itus,

343 1570 392 1609 et
415 1561 498 1627 qui
514 1561 565 1609 in
588 1559 915 1627 superioribus
929 1559 1191 1626 piratarum
1216 1558 1496 1608 tumultibus
1517 1559 1642 1609 felici
1663 1577 1782 1610 eon-

344 1655 506 1704 gressu
522 1639 718 1704 insignis
732 1637 975 1687 multoties
993 1637 1178 1686 enituit.
1198 1636 1340 1686 Affuit
1354 1638 1497 1686 etiam
1511 1637 1782 1706 Stephanus

342 1719 666 1765 Arvernorum
680 1715 853 1783 prmul
871 1751 885 1777 ‚
918 1731 975 1764 ac
995 1715 1095 1781 regi
1109 1731 1212 1764 sese
1226 1716 1482 1764 commisit.
1504 1718 1704 1766 Necnon
1733 1727 1782 1767 et

340 1814 369 1846 a
406 1798 652 1859 wilelmo,
699 1799 1046 1864 Aquitanorum
1078 1797 1295 1864 principe
1312 1834 1326 1858 ‚
1374 1797 1515 1864 legati
1558 1797 1782 1849 industrii

345 1875 546 1937 affuere,
574 1892 666 1943 pro
687 1892 777 1924 suo
802 1876 1020 1942 principe
1040 1891 1101 1924 ex
1117 1874 1214 1924 fide
1240 1875 1465 1924 habenda
1486 1887 1783 1927 sacramenta

339 1954 513 2003 daturi·
543 1953 729 2014 Quibus
742 1964 1000 2021 postquam
1008 1954 1141 2020 jussa
1154 1954 1328 2021 regalia
1344 1954 1456 2004 data
1468 1964 1599 2016 sunt,
1627 1971 1712 2005 rex
1723 1955 1776 2007 in

339 2032 510 2082 urbem
539 2033 820 2082 Vesontium
849 2049 956 2099 quae
988 2042 1060 2082 est
1087 2032 1366 2099 metropolis
1402 2034 1771 2096 Genaunomm,

337 2113 416 2160 cui
430 2113 574 2161 etiam
597 2112 649 2161 in
669 2110 866 2178 Alpibus
878 2112 978 2160 sitae
1002 2110 1133 2160 Aldis
1160 2110 1313 2160 Dubis
1329 2111 1605 2177 praeterfluit
1619 2147 1635 2173 ,
1661 2127 1776 2161 cum

337 2190 463 2239 duce
492 2192 753 2240 exercitum
779 2189 989 2240 deducit.
1024 2193 1178 2256 Atque
1206 2189 1273 2239 ibi
1302 2189 1529 2240 Letoldus
1558 2189 1775 2257 ejusden

336 2267 468 2317 urbis
485 2269 707 2335 princeps
724 2305 737 2329 ,
772 2268 834 2318 ad
848 2268 952 2333 ejus
968 2267 1185 2318 militiam
1207 2278 1506 2319 sacramento
1520 2269 1702 2319 tramit.
