1962 3262
319 244 398 284 264
810 245 1030 287 mem-:lu
1064 246 1161 287 ΜΒ.
1196 246 1254 288 11.

985 381 1080 417 XCI.

384 484 654 533 Ludovicus
685 502 799 551 ergo
824 502 905 534 rex
937 486 1054 536 urbe
1083 487 1285 554 potitus,
1321 504 1435 536 cum
1459 487 1590 538 nulla
1612 504 1756 556 expu-

318 564 542 628 gnatione
559 564 727 611 turrim
743 565 961 612 evincere
980 575 1167 631 posset,
1189 565 1251 614 ab
1264 565 1383 614 urbe
1401 582 1508 615 eam
1524 566 1750 629 secludit,

318 645 533 694 obducto
561 646 844 695 intrinsecus
881 664 1039 695 muro.
1074 648 1217 707 Quod
1238 648 1415 696 factum
1440 648 1538 697 dux
1561 666 1756 717 compe·

318 725 445 773 riens
458 761 472 786 ,
490 742 604 773 cum
619 725 827 773 exercitu
843 725 1089 773 accelerat.
1132 729 1189 774 At
1209 725 1328 773 nihil
1357 726 1531 774 virium
1563 743 1756 776 exerere

319 802 482 851 valens
496 839 509 863 ,
540 819 641 850 non
659 803 761 851 sine
786 820 974 851 merore
991 803 1055 851 ad
1069 820 1156 851 sua
1174 803 1312 853 redit.
1339 804 1462 853 [llud
1480 815 1668 854 tantum
1690 805 1756 854 fe·

318 882 437 930 cisse
456 881 619 938 fertur,
637 881 772 946 quod
796 882 893 930 arci
907 882 1072 948 copias
1089 881 1352 930 demiserit.

982 1015 1084 1050 xcu
1091 1041 1099 1050 .

387 1130 561 1180 Aderat
587 1141 775 1198 tempus
791 1148 890 1197 quo
909 1148 990 1180 rex
1018 1131 1182 1198 copias
1210 1130 1273 1178 ab
1297 1134 1476 1179 Ottone
1506 1145 1617 1196 rege
1643 1147 1760 1198 prae-

321 1207 599 1256 stolabatur.
620 1208 764 1257 Adest
780 1226 894 1274 ergo
912 1208 1198 1257 Chonradus
1221 1208 1320 1257 dux
1341 1225 1454 1257 cum
1471 1208 1678 1257 exercitu
1700 1225 1760 1258 ex

322 1295 422 1334 tota
447 1285 655 1352 Belgica,
697 1286 759 1336 ab
784 1289 966 1335 Ottone
993 1303 1104 1352 rege
1127 1287 1314 1334 missus.
1350 1285 1622 1335 Ludovicus
1643 1302 1759 1335 vero

323 1381 406 1411 rex
429 1381 542 1412 cum
566 1365 773 1413 exercitu
798 1364 860 1412 de
884 1364 1067 1430 Belgica
1096 1364 1230 1413 ducis
1261 1374 1438 1412 terram
1476 1364 1756 1430 ingreditur.

324 1442 537 1490 Primum
553 1459 669 1490 vero
695 1442 863 1491 urbem
881 1443 1098 1491 Silletum
1129 1443 1244 1491 adit.
1273 1442 1344 1490 lbi
1367 1453 1529 1491 autem
1550 1442 1765 1510 primum

325 1531 566 1569 certamen
581 1520 759 1568 habere
775 1520 958 1581 volens,
987 1520 1330 1587 impedimenta
1343 1537 1545 1586 quaeque
1560 1519 1624 1568 ab
1643 1519 1763 1568 urbe

325 1609 532 1647 amovet.
570 1598 826 1646 Succendit
843 1599 1002 1664 itaque
1020 1598 1329 1658 suburbium,
1357 1598 1730 1663 circumquaque
1745 1633 1760 1658 ,

326 1697 382 1728 ac
397 1680 626 1746 quioquid
638 1681 928 1730 extrinsecus
952 1690 1135 1730 exstare
1152 1679 1420 1740 videbatur,
1448 1680 1497 1727 in
1509 1678 1765 1747 planiciem

326 1758 511 1823 redigit.
550 1758 866 1807 Obsidionem
903 1758 1130 1825 deputat,
1176 1758 1441 1824 urbemque
1479 1755 1760 1806 circumdat.

328 1837 473 1885 Gravi
510 1853 767 1901 congressu
798 1837 1038 1902 utrimque
1078 1836 1358 1884 dimicatum
1389 1845 1475 1885 est.
1517 1835 1766 1902 Utrimque

328 1914 667 1982 quamplurimi
691 1915 979 1963 sauciantur.
1017 1914 1167 1980 Belgae
1192 1930 1307 1963 vero
1334 1914 1448 1980 quia
1476 1913 1540 1962 ab
1571 1912 1768 1963 urbanis

329 1993 533 2040 nimium
551 1992 844 2040 arcobalistis
857 1991 1237 2081 impetebantur,
1260 1993 1477 2040 resistere
1493 1992 1762 2058 quiescunt.

332 2070 459 2117 Nihil
481 2071 610 2118 enim
627 2081 796 2119 contra
821 2070 911 2118 nisi
935 2081 1121 2118 tantum
1146 2080 1394 2118 scutorum
1411 2070 1649 2119 testudine
1667 2078 1770 2118 ute·

332 2148 523 2196 bantur.
556 2148 693 2196 Unde
719 2158 767 2197 et
798 2149 927 2214 regio
957 2148 1121 2212 jussu,
1152 2147 1214 2195 ab
1247 2164 1304 2196 ea
1339 2147 1459 2197 urbe
1487 2146 1765 2208 discedunt,

335 2243 435 2274 non
459 2226 615 2274 solum
633 2225 699 2273 ob
722 2225 1110 2274 arcobalistarum
1135 2226 1368 2292 impetum
1383 2262 1397 2286 ,
1432 2242 1602 2275 verum
1626 2226 1770 2275 etiam

337 2304 402 2352 ob
420 2305 621 2352 turrium
637 2304 950 2371 plurimarum
968 2303 1338 2353 firmamentum.
