1962 3262
338 264 413 304 136
835 265 1054 306 memmi
1086 264 1180 306 LlB.
1215 265 1270 305 11.

341 345 525 412 implet,
545 355 593 393 et
606 361 718 394 cum
741 347 884 396 amuis
905 345 1075 395 milites
1092 345 1157 394 ibi
1175 346 1397 414 deponit,
1418 346 1645 396 aliorsum
1653 348 1763 415 ⁸ipae

341 439 391 473 se
405 422 595 472 cedens.

725 800 788 835 tx.
803 820 850 827 —
863 800 936 835 Rex
956 800 1117 837 hunduni
1134 814 1250 837 amem
1269 803 1375 851 capit.

405 914 587 959 Interea
606 912 702 977 regi
726 911 788 959 ab
813 912 1180 979 metropolitano
1200 929 1286 979 per
1302 913 1480 978 legatos
1496 914 1583 963 ista
1603 930 1769 980 sugge-

340 998 523 1034 runtur.
553 989 646 1046 Qui
675 1005 787 1036 mox
814 999 1024 1056 coeptum
1050 990 1292 1055 negotium
1315 990 1650 1051 intermittens,
1678 1008 1769 1040 suo

340 1065 643 1113 auxiliaturus
676 1065 954 1131 regreditur.
993 1066 1161 1115 Milites
1186 1067 1388 1133 colligit,
1421 1084 1476 1116 ac
1510 1069 1767 1118 exercitum

339 1153 488 1207 parat.
518 1146 639 1190 Cum
670 1161 768 1209 quo
803 1144 1087 1192 Laudunum
1112 1146 1328 1206 veniens,
1364 1163 1524 1194 arcem
1551 1145 1615 1194 ab
1641 1146 1771 1195 Heri·

339 1219 475 1268 berto
500 1237 654 1287 nuper
686 1221 750 1268 ibi
784 1232 1067 1270 exstructam
1096 1233 1143 1270 et
1169 1238 1198 1270 a
1221 1224 1317 1270 suis
1343 1222 1503 1271 adhuc
1529 1222 1769 1272 decenum

341 1298 542 1346 obsidet.
564 1302 621 1346 At
637 1300 719 1364 qui
738 1299 786 1347 in
803 1316 912 1347 arce
927 1310 1078 1359 erant,
1099 1298 1346 1348 rebellioni
1364 1317 1465 1349 sese
1477 1309 1662 1367 parant.
1674 1301 1770 1348 Rex

339 1392 452 1440 ergo
475 1376 781 1424 circumcirca
805 1378 1069 1442 sagittarios
1092 1377 1345 1439 adhibens,
1365 1377 1775 1449 missilibusevioe

339 1469 446 1501 cere
475 1454 695 1503 instabat.
725 1458 777 1504 ln
808 1472 907 1521 quo
934 1455 1139 1503 tumultu
1169 1456 1281 1504 hinc
1304 1456 1417 1505 inde
1441 1473 1587 1522 quam
1611 1455 1772 1524 plures

340 1532 534 1580 sauciati
545 1531 713 1593 fuere,
742 1550 855 1581 cum
883 1550 982 1581 non
1017 1534 1176 1582 atinus
1201 1535 1284 1599 qui
1310 1534 1359 1601 in
1385 1550 1494 1583 arce
1517 1543 1676 1594 erant,
1700 1549 1772 1583 sa·

339 1610 463 1675 gittis
481 1608 677 1675 aliisque
690 1610 947 1658 missilibus
959 1621 1217 1659 uterentur.
1249 1614 1344 1660 Rex
1362 1628 1475 1677 ergo
1487 1627 1600 1659 cum
1623 1609 1770 1670 linem

339 1688 650 1753 oppugnandi
674 1688 851 1736 viribus
880 1705 979 1736 non
1004 1688 1182 1737 fecisset
1195 1725 1207 1748 ,
1237 1690 1479 1755 ingeniose
1493 1706 1577 1738 eos
1601 1704 1771 1755 capere

341 1764 590 1829 cogitabat.

477 1847 495 1874 Ὀ
762 1848 809 1882 Χ.
828 1848 1060 1883 —Machinoe
1078 1850 1286 1896 compositio
1305 1850 1339 1883 ’.

407 1943 533 1991 Fecit
566 1942 724 2008 itaque
763 1961 819 1992 ex
855 1944 1275 1993 vehementissimis
1312 1945 1451 2010 lignis
1486 1943 1767 2011 compactis,

342 2018 634 2082 machinam,
662 2021 808 2070 instar
836 2021 1121 2087 longilaterae
1145 2023 1341 2084 domus,
1367 2020 1624 2071 duodecim
1647 2037 1773 2084 viro-

342 2116 449 2147 rum
472 2116 725 2166 capacem,
751 2100 951 2148 humani
981 2102 1195 2167 corporis
1225 2111 1411 2149 staturae
1428 2100 1478 2148 in
1502 2098 1606 2157 alto
1621 2116 1773 2165 aequa·

343 2178 452 2235 lem.
484 2178 629 2242 Cujus
657 2179 857 2246 parietes
888 2178 951 2227 de
979 2178 1156 2243 ingenti
1184 2179 1422 2244 lignorum
1451 2176 1649 2238 robore,
1677 2187 1773 2226 tec-

340 2265 442 2302 tum
478 2271 593 2302 vero
620 2254 682 2303 de
714 2255 847 2303 duris
873 2273 927 2304 ac
957 2257 1146 2305 intextis
1176 2256 1381 2305 cratibus
1406 2256 1646 2304 exstruxit.
1681 2257 1769 2304 Cui

342 2332 484 2379 etiam
513 2333 795 2381 intrinsecus
829 2344 956 2382 rotas
993 2345 1199 2400 quatuor
1229 2334 1468 2394 adhibuit,
1514 2333 1644 2382 unde
1673 2349 1772 2383 ma-

342 2409 483 2457 china
506 2409 567 2458 ab
597 2411 653 2458 iis
677 2412 759 2476 qui
785 2412 1067 2460 intrinsecus
1093 2412 1315 2471 laterent,
1346 2429 1496 2478 usque
1522 2410 1584 2459 ad
1607 2428 1767 2461 arcem

343 2487 675 2554 impelleretur.
708 2494 764 2536 At
786 2499 964 2537 tectum
982 2507 1082 2537 non
1104 2507 1236 2556 aeque
1260 2500 1455 2538 stratum
1475 2490 1584 2550 fuit,
1602 2506 1770 2539 verum

341 2566 402 2612 ab
420 2567 638 2614 acumine
661 2566 825 2615 dextra
851 2567 1048 2633 levaque
1074 2567 1396 2634 dependebat.
1426 2578 1478 2615 ut
1496 2568 1632 2632 jactis
1654 2567 1771 2647 lapi·

342 2643 478 2691 dibus
515 2644 695 2692 facilius
726 2645 909 2711 lapsum
941 2646 1184 2711 praeberet.
1216 2649 1331 2705 Quae
1359 2656 1622 2706 exstructa,
1662 2635 1771 2694 tiro-

390 2779 406 2794 ¹
434 2791 475 2809 co
491 2779 646 2810 ahu-imm
654 2804 660 2811 .
