<?xml version="1.0" encoding="UTF-8"?>
<!DOCTYPE html PUBLIC "-//W3C//DTD XHTML 1.0 Transitional//EN"
    "http://www.w3.org/TR/xhtml1/DTD/xhtml1-transitional.dtd">
<html xmlns="http://www.w3.org/1999/xhtml" xml:lang="en" lang="en">
 <head>
  <title>
</title>
<meta http-equiv="Content-Type" content="text/html;charset=utf-8" />
  <meta name='ocr-system' content='tesseract 3.04.00' />
  <meta name='ocr-capabilities' content='ocr_page ocr_carea ocr_par ocr_line ocrx_word'/>
</head>
<body>
  <div class='ocr_page' id='page_1' title='image "./richerhistoirede00richuoft_0358.png"; bbox 0 0 1962 3262; ppageno 0'>
   <div class='ocr_carea' id='block_1_1' title="bbox 360 259 1792 808">
    <p class='ocr_par' dir='ltr' id='par_1_1' title="bbox 360 259 1296 307">
     <span class='ocr_line' id='line_1_1' title="bbox 360 259 1296 307; baseline -0.007 0"><span class='ocrx_word' id='word_1_1' title='bbox 360 267 440 307; x_wconf 77' lang='lat'>2³8</span> <span class='ocrx_word' id='word_1_2' title='bbox 861 261 1081 303; x_wconf 64' lang='lat' dir='ltr'>mentitu</span> <span class='ocrx_word' id='word_1_3' title='bbox 1111 259 1207 302; x_wconf 82' lang='lat' dir='ltr'>LlB.</span> <span class='ocrx_word' id='word_1_4' title='bbox 1241 260 1296 301; x_wconf 80' lang='lat' dir='ltr'>ll.</span> 
     </span>
    </p>

    <p class='ocr_par' dir='ltr' id='par_1_2' title="bbox 366 340 1792 808">
     <span class='ocr_line' id='line_1_2' title="bbox 366 340 1791 409; baseline -0.001 -18"><span class='ocrx_word' id='word_1_5' title='bbox 366 368 390 392; x_wconf 88' lang='lat'>«</span> <span class='ocrx_word' id='word_1_6' title='bbox 419 361 532 395; x_wconf 89' lang='lat' dir='ltr'>cum</span> <span class='ocrx_word' id='word_1_7' title='bbox 548 360 577 393; x_wconf 91' lang='lat' dir='ltr'>a</span> <span class='ocrx_word' id='word_1_8' title='bbox 594 343 806 409; x_wconf 83' lang='lat' dir='ltr'>cognatis</span> <span class='ocrx_word' id='word_1_9' title='bbox 823 352 872 391; x_wconf 90' lang='lat' dir='ltr'>et</span> <span class='ocrx_word' id='word_1_10' title='bbox 888 342 1052 392; x_wconf 88' lang='lat' dir='ltr'>amicis</span> <span class='ocrx_word' id='word_1_11' title='bbox 1074 342 1192 390; x_wconf 89' lang='lat' dir='ltr'>meis</span> <span class='ocrx_word' id='word_1_12' title='bbox 1208 340 1563 407; x_wconf 76' lang='lat' dir='ltr'>indignantibus</span> <span class='ocrx_word' id='word_1_13' title='bbox 1580 356 1683 391; x_wconf 84' lang='lat' dir='ltr'>sese</span> <span class='ocrx_word' id='word_1_14' title='bbox 1703 342 1791 390; x_wconf 87' lang='lat' dir='ltr'>im-</span> 
     </span>
     <span class='ocr_line' id='line_1_3' title="bbox 366 421 1792 495; baseline -0.001 -22"><span class='ocrx_word' id='word_1_15' title='bbox 366 449 389 474; x_wconf 88' lang='lat'>«</span> <span class='ocrx_word' id='word_1_16' title='bbox 418 426 680 495; x_wconf 83' lang='lat' dir='ltr'>petendum</span> <span class='ocrx_word' id='word_1_17' title='bbox 697 425 964 474; x_wconf 84' lang='lat' dir='ltr'>adverteret</span> <span class='ocrx_word' id='word_1_18' title='bbox 979 460 994 485; x_wconf 91' lang='lat'>,</span> <span class='ocrx_word' id='word_1_19' title='bbox 1020 424 1285 472; x_wconf 85' lang='lat' dir='ltr'>libertatem</span> <span class='ocrx_word' id='word_1_20' title='bbox 1300 423 1314 449; x_wconf 76' lang='lat'><strong>⁴</strong></span> <span class='ocrx_word' id='word_1_21' title='bbox 1336 421 1596 490; x_wconf 83' lang='lat' dir='ltr'>spopondit</span> <span class='ocrx_word' id='word_1_22' title='bbox 1616 423 1657 472; x_wconf 87' lang='lat' dir='ltr'>si</span> <span class='ocrx_word' id='word_1_23' title='bbox 1672 426 1792 473; x_wconf 79' lang='lat' dir='ltr'>Lau-</span> 
     </span>
     <span class='ocr_line' id='line_1_4' title="bbox 367 503 1791 575; baseline -0.001 -21"><span class='ocrx_word' id='word_1_24' title='bbox 367 530 391 554; x_wconf 87' lang='lat'>«</span> <span class='ocrx_word' id='word_1_25' title='bbox 420 509 608 557; x_wconf 89' lang='lat' dir='ltr'>dunum</span> <span class='ocrx_word' id='word_1_26' title='bbox 636 508 885 575; x_wconf 89' lang='lat' dir='ltr'>acciperet.</span> <span class='ocrx_word' id='word_1_27' title='bbox 914 509 1017 555; x_wconf 83' lang='lat' dir='ltr'>Hoc</span> <span class='ocrx_word' id='word_1_28' title='bbox 1034 515 1220 554; x_wconf 89' lang='lat' dir='ltr'>tantum</span> <span class='ocrx_word' id='word_1_29' title='bbox 1248 504 1520 566; x_wconf 88' lang='lat' dir='ltr'>claudebar,</span> <span class='ocrx_word' id='word_1_30' title='bbox 1561 503 1658 553; x_wconf 88' lang='lat' dir='ltr'>hoc</span> <span class='ocrx_word' id='word_1_31' title='bbox 1685 504 1791 553; x_wconf 90' lang='lat' dir='ltr'>solo</span> 
     </span>
     <span class='ocr_line' id='line_1_5' title="bbox 367 582 1791 652; baseline 0 -20"><span class='ocrx_word' id='word_1_32' title='bbox 367 607 391 633; x_wconf 86' lang='lat'>«</span> <span class='ocrx_word' id='word_1_33' title='bbox 420 603 533 635; x_wconf 87' lang='lat' dir='ltr'>cum</span> <span class='ocrx_word' id='word_1_34' title='bbox 550 602 698 634; x_wconf 84' lang='lat' dir='ltr'>uxore</span> <span class='ocrx_word' id='word_1_35' title='bbox 712 595 760 634; x_wconf 88' lang='lat' dir='ltr'>et</span> <span class='ocrx_word' id='word_1_36' title='bbox 777 585 900 633; x_wconf 86' lang='lat' dir='ltr'>natis</span> <span class='ocrx_word' id='word_1_37' title='bbox 913 583 1189 652; x_wconf 85' lang='lat' dir='ltr'>recipiebar.</span> <span class='ocrx_word' id='word_1_38' title='bbox 1212 582 1341 643; x_wconf 88' lang='lat' dir='ltr'><strong>Quid</strong></span> <span class='ocrx_word' id='word_1_39' title='bbox 1356 582 1597 632; x_wconf 80' lang='lat' dir='ltr'>facerem?</span> <span class='ocrx_word' id='word_1_40' title='bbox 1625 586 1791 632; x_wconf 84' lang='lat' dir='ltr'>Castro</span> 
     </span>
     <span class='ocr_line' id='line_1_6' title="bbox 367 660 1790 731; baseline 0.001 -21"><span class='ocrx_word' id='word_1_41' title='bbox 367 686 391 710; x_wconf 88' lang='lat'>«</span> <span class='ocrx_word' id='word_1_42' title='bbox 419 665 566 714; x_wconf 86' lang='lat' dir='ltr'>vitam</span> <span class='ocrx_word' id='word_1_43' title='bbox 588 662 851 731; x_wconf 70' lang='lat' dir='ltr'>praeposui3</span> <span class='ocrx_word' id='word_1_44' title='bbox 882 678 973 729; x_wconf 88' lang='lat' dir='ltr'>pro</span> <span class='ocrx_word' id='word_1_45' title='bbox 988 671 1143 710; x_wconf 86' lang='lat' dir='ltr'>castro</span> <span class='ocrx_word' id='word_1_46' title='bbox 1156 660 1421 710; x_wconf 86' lang='lat' dir='ltr'>libertatem</span> <span class='ocrx_word' id='word_1_47' title='bbox 1438 661 1608 710; x_wconf 89' lang='lat' dir='ltr'>merui.</span> <span class='ocrx_word' id='word_1_48' title='bbox 1646 663 1706 710; x_wconf 83' lang='lat' dir='ltr'>Et</span> <span class='ocrx_word' id='word_1_49' title='bbox 1728 677 1790 711; x_wconf 86' lang='lat' dir='ltr'>en</span> 
     </span>
     <span class='ocr_line' id='line_1_7' title="bbox 367 734 1792 808; baseline 0 -21"><span class='ocrx_word' id='word_1_50' title='bbox 367 764 390 788; x_wconf 85' lang='lat'>«</span> <span class='ocrx_word' id='word_1_51' title='bbox 419 741 645 791; x_wconf 89' lang='lat' dir='ltr'>omnibus</span> <span class='ocrx_word' id='word_1_52' title='bbox 676 741 916 808; x_wconf 85' lang='lat' dir='ltr'>privatus,</span> <span class='ocrx_word' id='word_1_53' title='bbox 948 734 1166 788; x_wconf 82' lang='lat' dir='ltr'>omnium</span> <span class='ocrx_word' id='word_1_54' title='bbox 1193 755 1337 806; x_wconf 89' lang='lat' dir='ltr'>opem</span> <span class='ocrx_word' id='word_1_55' title='bbox 1369 735 1607 805; x_wconf 76' lang='lat' dir='ltr'><strong>deposco!</strong></span> <span class='ocrx_word' id='word_1_56' title='bbox 1641 738 1724 787; x_wconf 79' lang='lat' dir='ltr'>His</span> <span class='ocrx_word' id='word_1_57' title='bbox 1751 739 1792 787; x_wconf 90' lang='lat' dir='ltr'>si</span> 
     </span>
    </p>
   </div>
   <div class='ocr_carea' id='block_1_2' title="bbox 367 816 1794 963">
    <p class='ocr_par' dir='ltr' id='par_1_3' title="bbox 367 816 1794 963">
     <span class='ocr_line' id='line_1_8' title="bbox 368 816 1794 883; baseline -0.001 -17"><span class='ocrx_word' id='word_1_58' title='bbox 368 842 391 866; x_wconf 90' lang='lat'>«</span> <span class='ocrx_word' id='word_1_59' title='bbox 414 820 511 868; x_wconf 85' lang='lat' dir='ltr'>dux</span> <span class='ocrx_word' id='word_1_60' title='bbox 526 819 763 867; x_wconf 86' lang='lat' dir='ltr'>contraire</span> <span class='ocrx_word' id='word_1_61' title='bbox 779 817 977 878; x_wconf 88' lang='lat' dir='ltr'>audeat,</span> <span class='ocrx_word' id='word_1_62' title='bbox 1004 816 1145 866; x_wconf 88' lang='lat' dir='ltr'>nobis</span> <span class='ocrx_word' id='word_1_63' title='bbox 1159 826 1345 866; x_wconf 75' lang='lat' dir='ltr'>tantum</span> <span class='ocrx_word' id='word_1_64' title='bbox 1368 816 1665 883; x_wconf 74' lang='lat' dir='ltr'>singulariter</span> <span class='ocrx_word' id='word_1_65' title='bbox 1679 832 1794 865; x_wconf 93' lang='lat' dir='ltr'>con·</span> 
     </span>
     <span class='ocr_line' id='line_1_9' title="bbox 367 896 874 963; baseline -0.004 -17"><span class='ocrx_word' id='word_1_66' title='bbox 367 919 391 943; x_wconf 71' lang='grc' dir='ltr'>ι(</span> <span class='ocrx_word' id='word_1_67' title='bbox 421 896 735 963; x_wconf 80' lang='lat' dir='ltr'>grediendum</span> <span class='ocrx_word' id='word_1_68' title='bbox 749 896 874 944; x_wconf 84' lang='lat' dir='ltr'>sit.»</span> 
     </span>
    </p>
   </div>
   <div class='ocr_carea' id='block_1_3' title="bbox 626 1021 1520 1072">
    <p class='ocr_par' dir='ltr' id='par_1_4' title="bbox 626 1021 1520 1072">
     <span class='ocr_line' id='line_1_10' title="bbox 626 1021 1520 1072; baseline -0.001 -13"><span class='ocrx_word' id='word_1_69' title='bbox 626 1024 792 1059; x_wconf 77' lang='lat' dir='ltr'><strong>Lxxlv.</strong></span> <span class='ocrx_word' id='word_1_70' title='bbox 805 1043 854 1052; x_wconf 95' lang='lat'>—</span> <span class='ocrx_word' id='word_1_71' title='bbox 865 1023 987 1060; x_wconf 81' lang='lat' dir='ltr'>Oratio</span> <span class='ocrx_word' id='word_1_72' title='bbox 1001 1022 1023 1045; x_wconf 71' lang='lat'><em>⁶</em></span> <span class='ocrx_word' id='word_1_73' title='bbox 1037 1023 1227 1059; x_wconf 69' lang='lat' dir='ltr'>Rotberti&#39;</span> <span class='ocrx_word' id='word_1_74' title='bbox 1241 1035 1309 1072; x_wconf 87' lang='lat' dir='ltr'>pro</span> <span class='ocrx_word' id='word_1_75' title='bbox 1324 1021 1520 1060; x_wconf 59' lang='lat' dir='ltr'>ludovico.</span> 
     </span>
    </p>
   </div>
   <div class='ocr_carea' id='block_1_4' title="bbox 365 1126 1836 2437">
    <p class='ocr_par' dir='ltr' id='par_1_5' title="bbox 365 1126 1836 2437">
     <span class='ocr_line' id='line_1_11' title="bbox 430 1126 1796 1195; baseline 0 -18"><span class='ocrx_word' id='word_1_76' title='bbox 430 1128 616 1188; x_wconf 89' lang='lat' dir='ltr'>Quibus</span> <span class='ocrx_word' id='word_1_77' title='bbox 642 1128 802 1195; x_wconf 86' lang='lat' dir='ltr'>palam</span> <span class='ocrx_word' id='word_1_78' title='bbox 829 1128 1166 1195; x_wconf 83' lang='lat' dir='ltr'>promulgatis,</span> <span class='ocrx_word' id='word_1_79' title='bbox 1198 1126 1450 1176; x_wconf 83' lang='lat' dir='ltr'>Rotbertus</span> <span class='ocrx_word' id='word_1_80' title='bbox 1475 1126 1796 1195; x_wconf 78' lang='lat' dir='ltr'>metropolita-</span> 
     </span>
     <span class='ocr_line' id='line_1_12' title="bbox 365 1204 1796 1271; baseline -0.001 -16"><span class='ocrx_word' id='word_1_81' title='bbox 365 1224 456 1255; x_wconf 89' lang='lat' dir='ltr'>nus</span> <span class='ocrx_word' id='word_1_82' title='bbox 496 1206 727 1255; x_wconf 78' lang='lat' dir='ltr'>subinfert</span> <span class='ocrx_word' id='word_1_83' title='bbox 756 1224 768 1254; x_wconf 91' lang='lat'>:</span> <span class='ocrx_word' id='word_1_84' title='bbox 819 1225 844 1251; x_wconf 73' lang='grc' dir='ltr'>α</span> <span class='ocrx_word' id='word_1_85' title='bbox 870 1207 1111 1265; x_wconf 77' lang='lat' dir='ltr'>Quoniam</span> <span class='ocrx_word' id='word_1_86' title='bbox 1130 1242 1143 1266; x_wconf 95' lang='lat'>,</span> <span class='ocrx_word' id='word_1_87' title='bbox 1184 1226 1208 1252; x_wconf 87' lang='lat'>»</span> <span class='ocrx_word' id='word_1_88' title='bbox 1269 1206 1488 1271; x_wconf 85' lang='lat' dir='ltr'>inquiens</span> <span class='ocrx_word' id='word_1_89' title='bbox 1507 1240 1521 1266; x_wconf 92' lang='lat'>,</span> <span class='ocrx_word' id='word_1_90' title='bbox 1574 1224 1601 1252; x_wconf 72' lang='grc' dir='ltr'><strong>α</strong></span> <span class='ocrx_word' id='word_1_91' title='bbox 1627 1204 1796 1254; x_wconf 83' lang='lat' dir='ltr'>domni</span> 
     </span>
     <span class='ocr_line' id='line_1_13' title="bbox 369 1281 1796 1351; baseline 0.001 -21"><span class='ocrx_word' id='word_1_92' title='bbox 369 1306 393 1331; x_wconf 76' lang='grc' dir='ltr'>α</span> <span class='ocrx_word' id='word_1_93' title='bbox 422 1295 565 1351; x_wconf 90' lang='lat' dir='ltr'>atque</span> <span class='ocrx_word' id='word_1_94' title='bbox 603 1284 888 1333; x_wconf 79' lang='lat' dir='ltr'>serenissimi</span> <span class='ocrx_word' id='word_1_95' title='bbox 927 1285 1048 1349; x_wconf 85' lang='lat' dir='ltr'>regis</span> <span class='ocrx_word' id='word_1_96' title='bbox 1088 1285 1200 1332; x_wconf 88' lang='lat' dir='ltr'>satis</span> <span class='ocrx_word' id='word_1_97' title='bbox 1240 1283 1446 1332; x_wconf 81' lang='lat' dir='ltr'>breviter</span> <span class='ocrx_word' id='word_1_98' title='bbox 1489 1299 1547 1332; x_wconf 84' lang='lat' dir='ltr'>ac</span> <span class='ocrx_word' id='word_1_99' title='bbox 1587 1281 1796 1331; x_wconf 81' lang='lat' dir='ltr'>dilucide</span> 
     </span>
     <span class='ocr_line' id='line_1_14' title="bbox 369 1361 1797 1429; baseline 0.001 -22"><span class='ocrx_word' id='word_1_100' title='bbox 369 1383 391 1408; x_wconf 71' lang='lat' dir='ltr'><em>a</em></span> <span class='ocrx_word' id='word_1_101' title='bbox 421 1363 679 1428; x_wconf 82' lang='lat' dir='ltr'>digestam,</span> <span class='ocrx_word' id='word_1_102' title='bbox 709 1363 907 1429; x_wconf 87' lang='lat' dir='ltr'>optime,</span> <span class='ocrx_word' id='word_1_103' title='bbox 938 1372 992 1410; x_wconf 91' lang='lat' dir='ltr'>ut</span> <span class='ocrx_word' id='word_1_104' title='bbox 1025 1361 1245 1421; x_wconf 80' lang='lat' dir='ltr'>arbitror,</span> <span class='ocrx_word' id='word_1_105' title='bbox 1275 1361 1668 1426; x_wconf 77' lang='lat' dir='ltr'>conquestionem</span> <span class='ocrx_word' id='word_1_106' title='bbox 1690 1377 1797 1427; x_wconf 80' lang='lat' dir='ltr'>per-</span> 
     </span>
     <span class='ocr_line' id='line_1_15' title="bbox 369 1439 1796 1507; baseline 0.001 -22"><span class='ocrx_word' id='word_1_107' title='bbox 369 1462 393 1486; x_wconf 89' lang='lat'>«</span> <span class='ocrx_word' id='word_1_108' title='bbox 423 1442 637 1507; x_wconf 77' lang='lat' dir='ltr'>cepimus</span> <span class='ocrx_word' id='word_1_109' title='bbox 653 1476 667 1501; x_wconf 96' lang='lat'>,</span> <span class='ocrx_word' id='word_1_110' title='bbox 714 1457 1011 1506; x_wconf 87' lang='lat' dir='ltr'>consequens</span> <span class='ocrx_word' id='word_1_111' title='bbox 1041 1439 1245 1499; x_wconf 79' lang='lat' dir='ltr'>videtur,</span> <span class='ocrx_word' id='word_1_112' title='bbox 1289 1449 1344 1487; x_wconf 86' lang='lat' dir='ltr'>ut</span> <span class='ocrx_word' id='word_1_113' title='bbox 1374 1439 1476 1503; x_wconf 85' lang='lat' dir='ltr'>ejus</span> <span class='ocrx_word' id='word_1_114' title='bbox 1515 1454 1707 1488; x_wconf 64' lang='lat' dir='ltr'>cauum</span> <span class='ocrx_word' id='word_1_115' title='bbox 1745 1439 1796 1487; x_wconf 88' lang='lat' dir='ltr'>in</span> 
     </span>
     <span class='ocr_line' id='line_1_16' title="bbox 368 1516 1797 1583; baseline 0.001 -21"><span class='ocrx_word' id='word_1_116' title='bbox 368 1538 392 1562; x_wconf 75' lang='grc' dir='ltr'>α</span> <span class='ocrx_word' id='word_1_117' title='bbox 420 1527 655 1583; x_wconf 88' lang='lat' dir='ltr'>quantum</span> <span class='ocrx_word' id='word_1_118' title='bbox 670 1517 738 1565; x_wconf 87' lang='lat' dir='ltr'>fas</span> <span class='ocrx_word' id='word_1_119' title='bbox 752 1527 823 1566; x_wconf 89' lang='lat' dir='ltr'>est</span> <span class='ocrx_word' id='word_1_120' title='bbox 838 1517 1225 1566; x_wconf 81' lang='lat' dir='ltr'>determinemus.</span> <span class='ocrx_word' id='word_1_121' title='bbox 1239 1519 1346 1564; x_wconf 86' lang='lat' dir='ltr'>Dux</span> <span class='ocrx_word' id='word_1_122' title='bbox 1358 1532 1490 1581; x_wconf 86' lang='lat' dir='ltr'>ergo,</span> <span class='ocrx_word' id='word_1_123' title='bbox 1508 1516 1621 1582; x_wconf 87' lang='lat' dir='ltr'>quia</span> <span class='ocrx_word' id='word_1_124' title='bbox 1634 1516 1797 1565; x_wconf 83' lang='lat' dir='ltr'>omnia</span> 
     </span>
     <span class='ocr_line' id='line_1_17' title="bbox 369 1590 1797 1660; baseline 0 -21"><span class='ocrx_word' id='word_1_125' title='bbox 369 1614 392 1639; x_wconf 74' lang='grc' dir='ltr'>α</span> <span class='ocrx_word' id='word_1_126' title='bbox 422 1611 546 1660; x_wconf 88' lang='lat' dir='ltr'>pene</span> <span class='ocrx_word' id='word_1_127' title='bbox 587 1594 718 1659; x_wconf 87' lang='lat' dir='ltr'>regni</span> <span class='ocrx_word' id='word_1_128' title='bbox 748 1594 855 1658; x_wconf 89' lang='lat' dir='ltr'>jura</span> <span class='ocrx_word' id='word_1_129' title='bbox 894 1594 944 1641; x_wconf 91' lang='lat' dir='ltr'>in</span> <span class='ocrx_word' id='word_1_130' title='bbox 974 1610 1076 1642; x_wconf 87' lang='lat' dir='ltr'>sese</span> <span class='ocrx_word' id='word_1_131' title='bbox 1113 1593 1386 1652; x_wconf 82' lang='lat' dir='ltr'>transfudit,</span> <span class='ocrx_word' id='word_1_132' title='bbox 1436 1593 1576 1658; x_wconf 90' lang='lat' dir='ltr'>eique</span> <span class='ocrx_word' id='word_1_133' title='bbox 1615 1590 1797 1640; x_wconf 73' lang='lat' dir='ltr'>viribus</span> 
     </span>
     <span class='ocr_line' id='line_1_18' title="bbox 370 1667 1796 1736; baseline 0 -19"><span class='ocrx_word' id='word_1_134' title='bbox 370 1693 394 1717; x_wconf 74' lang='grc' dir='ltr'>α</span> <span class='ocrx_word' id='word_1_135' title='bbox 423 1672 562 1720; x_wconf 83' lang='lat' dir='ltr'>reniti</span> <span class='ocrx_word' id='word_1_136' title='bbox 594 1688 694 1720; x_wconf 87' lang='lat' dir='ltr'>non</span> <span class='ocrx_word' id='word_1_137' title='bbox 728 1671 965 1730; x_wconf 79' lang='lat' dir='ltr'>valemus,</span> <span class='ocrx_word' id='word_1_138' title='bbox 997 1672 1157 1719; x_wconf 89' lang='lat' dir='ltr'>mitius</span> <span class='ocrx_word' id='word_1_139' title='bbox 1187 1670 1281 1719; x_wconf 88' lang='lat' dir='ltr'>hoc</span> <span class='ocrx_word' id='word_1_140' title='bbox 1314 1667 1693 1736; x_wconf 86' lang='lat' dir='ltr'>attemptandum</span> <span class='ocrx_word' id='word_1_141' title='bbox 1723 1684 1796 1717; x_wconf 85' lang='lat' dir='ltr'>ar-</span> 
     </span>
     <span class='ocr_line' id='line_1_19' title="bbox 371 1746 1796 1814; baseline 0 -19"><span class='ocrx_word' id='word_1_142' title='bbox 371 1770 395 1795; x_wconf 89' lang='lat'>«</span> <span class='ocrx_word' id='word_1_143' title='bbox 424 1750 590 1809; x_wconf 87' lang='lat' dir='ltr'>bitror,</span> <span class='ocrx_word' id='word_1_144' title='bbox 620 1758 673 1797; x_wconf 91' lang='lat' dir='ltr'>ut</span> <span class='ocrx_word' id='word_1_145' title='bbox 692 1784 705 1808; x_wconf 94' lang='lat'>,</span> <span class='ocrx_word' id='word_1_146' title='bbox 732 1750 815 1814; x_wconf 88' lang='lat' dir='ltr'>qui</span> <span class='ocrx_word' id='word_1_147' title='bbox 838 1752 995 1797; x_wconf 87' lang='lat' dir='ltr'>Deum</span> <span class='ocrx_word' id='word_1_148' title='bbox 1028 1765 1128 1797; x_wconf 92' lang='lat' dir='ltr'>non</span> <span class='ocrx_word' id='word_1_149' title='bbox 1156 1748 1321 1796; x_wconf 90' lang='lat' dir='ltr'>metuit</span> <span class='ocrx_word' id='word_1_150' title='bbox 1350 1758 1398 1795; x_wconf 93' lang='lat' dir='ltr'>et</span> <span class='ocrx_word' id='word_1_151' title='bbox 1419 1746 1668 1795; x_wconf 85' lang='lat' dir='ltr'>hominem</span> <span class='ocrx_word' id='word_1_152' title='bbox 1695 1762 1796 1795; x_wconf 92' lang='lat' dir='ltr'>non</span> 
     </span>
     <span class='ocr_line' id='line_1_20' title="bbox 373 1824 1799 1891; baseline 0.002 -20"><span class='ocrx_word' id='word_1_153' title='bbox 373 1848 395 1872; x_wconf 87' lang='lat'>«</span> <span class='ocrx_word' id='word_1_154' title='bbox 426 1837 683 1886; x_wconf 80' lang='lat' dir='ltr'>reveretur,</span> <span class='ocrx_word' id='word_1_155' title='bbox 704 1826 855 1875; x_wconf 86' lang='lat' dir='ltr'>multa</span> <span class='ocrx_word' id='word_1_156' title='bbox 877 1827 1061 1875; x_wconf 90' lang='lat' dir='ltr'>ratione</span> <span class='ocrx_word' id='word_1_157' title='bbox 1084 1825 1327 1891; x_wconf 87' lang='lat' dir='ltr'>multaque</span> <span class='ocrx_word' id='word_1_158' title='bbox 1345 1843 1505 1875; x_wconf 88' lang='lat' dir='ltr'>rerum</span> <span class='ocrx_word' id='word_1_159' title='bbox 1530 1824 1799 1875; x_wconf 84' lang='lat' dir='ltr'>considera·</span> 
     </span>
     <span class='ocr_line' id='line_1_21' title="bbox 372 1903 1794 1969; baseline 0.001 -19"><span class='ocrx_word' id='word_1_160' title='bbox 372 1926 395 1950; x_wconf 76' lang='grc' dir='ltr'>α</span> <span class='ocrx_word' id='word_1_161' title='bbox 424 1906 581 1964; x_wconf 89' lang='lat' dir='ltr'>tione,</span> <span class='ocrx_word' id='word_1_162' title='bbox 610 1904 673 1954; x_wconf 87' lang='lat' dir='ltr'>ad</span> <span class='ocrx_word' id='word_1_163' title='bbox 697 1920 942 1965; x_wconf 84' lang='lat' dir='ltr'>normam,</span> <span class='ocrx_word' id='word_1_164' title='bbox 970 1906 1073 1952; x_wconf 87' lang='lat' dir='ltr'>Deo</span> <span class='ocrx_word' id='word_1_165' title='bbox 1085 1904 1307 1969; x_wconf 85' lang='lat' dir='ltr'>juvante,</span> <span class='ocrx_word' id='word_1_166' title='bbox 1339 1903 1609 1952; x_wconf 84' lang='lat' dir='ltr'>reducatur.</span> <span class='ocrx_word' id='word_1_167' title='bbox 1631 1903 1794 1969; x_wconf 76' lang='lat' dir='ltr'>Igitur,</span> 
     </span>
     <span class='ocr_line' id='line_1_22' title="bbox 373 1980 1801 2049; baseline 0.001 -22"><span class='ocrx_word' id='word_1_168' title='bbox 373 2004 395 2028; x_wconf 73' lang='grc' dir='ltr'>ι(</span> <span class='ocrx_word' id='word_1_169' title='bbox 420 1983 553 2047; x_wconf 85' lang='lat' dir='ltr'>juxta</span> <span class='ocrx_word' id='word_1_170' title='bbox 585 1992 775 2049; x_wconf 88' lang='lat' dir='ltr'>patrum</span> <span class='ocrx_word' id='word_1_171' title='bbox 819 1982 1007 2030; x_wconf 84' lang='lat' dir='ltr'>decreta</span> <span class='ocrx_word' id='word_1_172' title='bbox 1040 1991 1087 2030; x_wconf 89' lang='lat' dir='ltr'>et</span> <span class='ocrx_word' id='word_1_173' title='bbox 1117 1998 1358 2030; x_wconf 85' lang='lat' dir='ltr'>canonum</span> <span class='ocrx_word' id='word_1_174' title='bbox 1388 1980 1625 2048; x_wconf 82' lang='lat' dir='ltr'>regulam,</span> <span class='ocrx_word' id='word_1_175' title='bbox 1655 1980 1801 2049; x_wconf 84' lang='lat' dir='ltr'>inpri-</span> 
     </span>
     <span class='ocr_line' id='line_1_23' title="bbox 374 2059 1799 2121; baseline 0 -14"><span class='ocrx_word' id='word_1_176' title='bbox 374 2082 397 2107; x_wconf 85' lang='lat'>«</span> <span class='ocrx_word' id='word_1_177' title='bbox 426 2061 516 2108; x_wconf 91' lang='lat' dir='ltr'>mis</span> <span class='ocrx_word' id='word_1_178' title='bbox 547 2060 609 2108; x_wconf 89' lang='lat' dir='ltr'>ad</span> <span class='ocrx_word' id='word_1_179' title='bbox 633 2060 999 2109; x_wconf 81' lang='lat' dir='ltr'>satisfactionem</span> <span class='ocrx_word' id='word_1_180' title='bbox 1023 2060 1226 2108; x_wconf 58' lang='lat' dir='ltr'>&amp;aterne</span> <span class='ocrx_word' id='word_1_181' title='bbox 1257 2059 1528 2108; x_wconf 89' lang='lat' dir='ltr'>monendus</span> <span class='ocrx_word' id='word_1_182' title='bbox 1553 2068 1626 2108; x_wconf 85' lang='lat' dir='ltr'>est</span> <span class='ocrx_word' id='word_1_183' title='bbox 1640 2094 1657 2121; x_wconf 90' lang='lat'>,</span> <span class='ocrx_word' id='word_1_184' title='bbox 1694 2074 1799 2108; x_wconf 50' lang='lat' dir='ltr'>veis</span> 
     </span>
     <span class='ocr_line' id='line_1_24' title="bbox 372 2136 1789 2203; baseline 0.002 -21"><span class='ocrx_word' id='word_1_185' title='bbox 372 2158 396 2183; x_wconf 90' lang='lat'>«</span> <span class='ocrx_word' id='word_1_186' title='bbox 425 2139 593 2203; x_wconf 86' lang='lat' dir='ltr'>bisque</span> <span class='ocrx_word' id='word_1_187' title='bbox 638 2138 863 2187; x_wconf 86' lang='lat' dir='ltr'>suasoriis</span> <span class='ocrx_word' id='word_1_188' title='bbox 897 2137 959 2186; x_wconf 94' lang='lat' dir='ltr'>ad</span> <span class='ocrx_word' id='word_1_189' title='bbox 1007 2138 1056 2186; x_wconf 94' lang='lat' dir='ltr'>id</span> <span class='ocrx_word' id='word_1_190' title='bbox 1098 2137 1444 2186; x_wconf 87' lang='lat' dir='ltr'>modestissime</span> <span class='ocrx_word' id='word_1_191' title='bbox 1477 2136 1789 2186; x_wconf 83' lang='lat' dir='ltr'>revocandus.</span> 
     </span>
     <span class='ocr_line' id='line_1_25' title="bbox 373 2214 1836 2282; baseline 0.003 -23"><span class='ocrx_word' id='word_1_192' title='bbox 373 2235 396 2259; x_wconf 87' lang='lat'><em>«</em></span> <span class='ocrx_word' id='word_1_193' title='bbox 425 2215 569 2274; x_wconf 89' lang='lat' dir='ltr'>Quod</span> <span class='ocrx_word' id='word_1_194' title='bbox 592 2216 650 2275; x_wconf 90' lang='lat' dir='ltr'>si,</span> <span class='ocrx_word' id='word_1_195' title='bbox 678 2225 789 2282; x_wconf 87' lang='lat' dir='ltr'>post</span> <span class='ocrx_word' id='word_1_196' title='bbox 813 2214 1038 2264; x_wconf 86' lang='lat' dir='ltr'>blandam</span> <span class='ocrx_word' id='word_1_197' title='bbox 1069 2214 1382 2264; x_wconf 84' lang='lat' dir='ltr'>revocationis</span> <span class='ocrx_word' id='word_1_198' title='bbox 1405 2215 1798 2264; x_wconf 89' lang='lat' dir='ltr'>ammonitionem</span> <span class='ocrx_word' id='word_1_199' title='bbox 1825 2249 1836 2255; x_wconf 79' lang='lat'>-</span> 
     </span>
     <span class='ocr_line' id='line_1_26' title="bbox 374 2292 1793 2359; baseline 0.004 -22"><span class='ocrx_word' id='word_1_200' title='bbox 374 2313 398 2338; x_wconf 86' lang='lat'>«</span> <span class='ocrx_word' id='word_1_201' title='bbox 427 2293 699 2359; x_wconf 87' lang='lat' dir='ltr'>resipiscere</span> <span class='ocrx_word' id='word_1_202' title='bbox 718 2293 923 2342; x_wconf 88' lang='lat' dir='ltr'>noluerit</span> <span class='ocrx_word' id='word_1_203' title='bbox 941 2292 981 2352; x_wconf 80' lang='lat'>²,</span> <span class='ocrx_word' id='word_1_204' title='bbox 1014 2294 1232 2341; x_wconf 88' lang='lat' dir='ltr'>omnium</span> <span class='ocrx_word' id='word_1_205' title='bbox 1255 2293 1553 2342; x_wconf 87' lang='lat' dir='ltr'>anathemate</span> <span class='ocrx_word' id='word_1_206' title='bbox 1585 2292 1793 2354; x_wconf 79' lang='lat' dir='ltr'>feriatur,</span> 
     </span>
     <span class='ocr_line' id='line_1_27' title="bbox 377 2370 1798 2437; baseline 0.002 -21"><span class='ocrx_word' id='word_1_207' title='bbox 377 2391 401 2415; x_wconf 73' lang='grc' dir='ltr'>ι(</span> <span class='ocrx_word' id='word_1_208' title='bbox 423 2370 519 2419; x_wconf 88' lang='lat' dir='ltr'>hoc</span> <span class='ocrx_word' id='word_1_209' title='bbox 534 2370 763 2419; x_wconf 85' lang='lat' dir='ltr'>habentes</span> <span class='ocrx_word' id='word_1_210' title='bbox 786 2370 1021 2436; x_wconf 62' lang='lat' dir='ltr'>praesidio,</span> <span class='ocrx_word' id='word_1_211' title='bbox 1043 2370 1176 2435; x_wconf 85' lang='lat' dir='ltr'>quod</span> <span class='ocrx_word' id='word_1_212' title='bbox 1186 2371 1287 2434; x_wconf 88' lang='lat' dir='ltr'>jam</span> <span class='ocrx_word' id='word_1_213' title='bbox 1303 2387 1332 2420; x_wconf 93' lang='lat' dir='ltr'>a</span> <span class='ocrx_word' id='word_1_214' title='bbox 1355 2371 1538 2420; x_wconf 90' lang='lat' dir='ltr'>domno</span> <span class='ocrx_word' id='word_1_215' title='bbox 1554 2386 1678 2437; x_wconf 86' lang='lat' dir='ltr'>papa</span> <span class='ocrx_word' id='word_1_216' title='bbox 1690 2386 1798 2420; x_wconf 88' lang='lat' dir='ltr'>cor-</span> 
     </span>
    </p>
   </div>
   <div class='ocr_carea' id='block_1_5' title="bbox 423 2601 792 2697">
    <p class='ocr_par' dir='ltr' id='par_1_6' title="bbox 423 2601 792 2697">
     <span class='ocr_line' id='line_1_28' title="bbox 423 2601 792 2646; baseline -0.005 -9"><span class='ocrx_word' id='word_1_217' title='bbox 423 2607 440 2622; x_wconf 79' lang='lat'><strong>·</strong></span> <span class='ocrx_word' id='word_1_218' title='bbox 465 2604 530 2646; x_wconf 83' lang='lat' dir='ltr'>Or,</span> <span class='ocrx_word' id='word_1_219' title='bbox 547 2602 636 2637; x_wconf 82' lang='lat' dir='ltr'>berti</span> <span class='ocrx_word' id='word_1_220' title='bbox 653 2601 792 2637; x_wconf 71' lang='lat' dir='ltr'>abscisa.</span> 
     </span>
     <span class='ocr_line' id='line_1_29' title="bbox 426 2662 659 2697; baseline -0.009 0"><span class='ocrx_word' id='word_1_221' title='bbox 426 2665 434 2682; x_wconf 82' lang='lat'>⁸</span> <span class='ocrx_word' id='word_1_222' title='bbox 464 2662 612 2697; x_wconf 78' lang='lat' dir='ltr'>reditum</span> <span class='ocrx_word' id='word_1_223' title='bbox 630 2665 659 2696; x_wconf 81' lang='lat' dir='ltr'>l.</span> 
     </span>
    </p>
   </div>
   <div class='ocr_carea' id='block_1_6' title="bbox 423 2720 1074 2768">
    <p class='ocr_par' dir='ltr' id='par_1_7' title="bbox 423 2720 1074 2768">
     <span class='ocr_line' id='line_1_30' title="bbox 423 2720 1074 2768; baseline -0.003 -12"><span class='ocrx_word' id='word_1_224' title='bbox 423 2724 437 2743; x_wconf 80' lang='lat'>¹</span> <span class='ocrx_word' id='word_1_225' title='bbox 463 2736 499 2756; x_wconf 86' lang='lat' dir='ltr'>n.</span> <span class='ocrx_word' id='word_1_226' title='bbox 518 2723 616 2756; x_wconf 76' lang='lat' dir='ltr'>tertia</span> <span class='ocrx_word' id='word_1_227' title='bbox 631 2722 734 2768; x_wconf 79' lang='lat' dir='ltr'>liujus</span> <span class='ocrx_word' id='word_1_228' title='bbox 751 2720 864 2756; x_wconf 81' lang='lat' dir='ltr'>sinodi</span> <span class='ocrx_word' id='word_1_229' title='bbox 884 2721 940 2756; x_wconf 87' lang='lat' dir='ltr'>‹lie</span> <span class='ocrx_word' id='word_1_230' title='bbox 956 2721 1074 2755; x_wconf 72' lang='lat' dir='ltr'>deleta.</span> 
     </span>
    </p>
   </div>
  </div>
 </body>
</html>
