1962 3262
284 222 339 259 60
791 218 1011 259 menen!
1047 219 1149 259 Lm.
1186 221 1219 261 1.

290 299 622 364 ‹dignitatem
640 299 906 361 demittam,
928 301 1150 350 virtutem
1177 312 1307 350 tuam
1330 312 1567 369 expertus.
1591 303 1731 368 Equi-

290 378 455 426 ‹dem
482 377 728 428 decretum
754 378 871 428 mihi
896 379 1074 441 fuerat,
1102 381 1312 446 ingenie,
1341 380 1560 440 consili0,
1588 381 1735 429 armis

291 455 406 504 «ab
429 471 490 505 eo
522 455 814 505 recedere.»
866 460 1121 507 Persuasus
1154 459 1313 524 itaque
1341 476 1427 525 per
1465 458 1736 526 metropoli·

290 546 484 593 tanum,
518 534 799 584 Heinricus
855 536 951 601 regi
986 535 1265 596 deducitur,
1305 536 1553 603 multoque
1587 535 1736 585 ambi·

291 613 434 662 tionis
466 612 654 661 honore
690 623 801 661 ante
836 613 1119 674 admittitur,
1148 631 1204 663 ac
1236 614 1417 663 ambo
1406 631 1454 662 m
1480 614 1735 663 amicitiam

291 690 580 740 federantur.

955 756 1071 791 xxv

357 845 544 904 Quibus
587 845 728 910 gestis
766 844 1037 894 Hulduinus
1070 846 1418 912 Tungrensium
1458 847 1734 914 episcopus,

292 940 405 973 cum
432 924 489 972 iis
522 924 606 990 qui
630 923 693 972 ab
716 939 827 988 rege
850 922 1124 973 defecerant
1152 924 1450 991 conspirasse
1473 924 1523 973 in
1537 923 1556 950 ⁸
1579 941 1738 990 regem

294 1001 611 1062 insimulatus,
634 1001 828 1067 regique
846 1001 1076 1061 infensus,
1098 1001 1160 1049 ab
1177 1018 1237 1050 eo
1255 1001 1623 1051 insectabatur⁸.
1652 1005 1740 1051 Cu·

292 1080 371 1145 jus
389 1079 489 1128 odii
500 1080 572 1127 vis
590 1095 650 1128 eo
668 1095 821 1145 usque
838 1080 1073 1146 pervenit,
1097 1090 1150 1128 ut
1164 1080 1436 1141 Richerum,
1454 1081 1742 1129 Prumiensis

298 1158 574 1206 monasterii
610 1156 850 1217 abbatem,
872 1167 1201 1223 promoveret,
1230 1167 1278 1206 et
1302 1157 1582 1206 Hilduinum
1613 1156 1743 1206 abdi-

297 1246 443 1284 caret.
475 1239 532 1284 At
560 1235 789 1284 Richerus
806 1234 868 1284 ab
885 1252 995 1301 rege
1021 1235 1251 1295 donatus,
1280 1252 1393 1283 cum
1420 1234 1482 1284 ab
1506 1245 1745 1302 metropo-

300 1314 449 1362 litano
486 1313 780 1361 Herimanno
815 1323 1087 1378 urgeretur,
1123 1330 1183 1362 eo
1214 1313 1349 1379 quod
1374 1324 1544 1362 contra
1581 1313 1651 1362 fas
1682 1312 1745 1361 ab

302 1409 411 1457 rege
435 1390 766 1458 episcopatum
802 1392 1087 1458 suscepisset
1108 1408 1252 1458 super
1280 1408 1396 1440 eum
1417 1391 1502 1458 qui
1524 1390 1741 1451 tenebat,

300 1470 480 1535 quique
498 1468 630 1516 nulla
647 1467 898 1535 culparum
915 1469 1214 1518 confessione
1232 1470 1400 1529 victus,
1422 1469 1557 1519 nullo
1569 1468 1744 1535 juditio

300 1547 555 1596 danmatus
586 1557 733 1607 esset,
763 1547 886 1613 regis
917 1547 1053 1612 jussu
1086 1549 1287 1595 Romam
1327 1547 1541 1607 festinat3
1579 1563 1636 1595 ac
1680 1545 1744 1595 ibi

304 1623 512 1672 Johanni
529 1640 689 1691 papoe,
726 1635 774 1673 et
798 1625 920 1690 regis
945 1625 1231 1673 sententiam
1255 1635 1302 1673 et
1325 1626 1398 1674 sui
1428 1625 1606 1691 negotii
1641 1641 1748 1673 cau·

302 1718 404 1749 sam
427 1700 741 1750 demonstrat.
773 1704 901 1768 Papa
925 1702 975 1751 in
1006 1701 1286 1751 Hilduinum
1309 1703 1606 1753 desertorem
1630 1702 1750 1751 indi-

308 1795 477 1845 gnans,
489 1777 552 1835 ab
565 1777 727 1827 officio
745 1795 858 1827 eum
875 1779 1124 1847 suspendit
1135 1797 1191 1829 ac
1203 1780 1506 1829 anathemate
1523 1780 1746 1840 damnat;

308 1857 563 1906 Richerum
578 1873 696 1907 vero
714 1858 996 1924 episcopum
1014 1858 1230 1918 ordinat,
1259 1875 1315 1907 ac
1341 1875 1437 1907 suae
1459 1858 1751 1907 auctoritatis

305 1934 643 1984 benedictione
660 1934 827 1983 donat.
861 1938 971 1984 Haec
987 1935 1106 1983 dum
1123 1936 1192 1984 sic
1209 1946 1478 2001 agerentur,
1498 1933 1751 1983 Hilduinus

305 2013 628 2080 prosequitur,
644 2013 884 2061 incassum
898 2013 1028 2079 apud
1043 2029 1220 2079 papam
1241 2013 1499 2080 plurimam
1515 2012 1753 2079 querimo-

307 2092 438 2140 niam
462 2090 686 2151 fundens,
707 2106 764 2139 ac
786 2090 917 2157 apud
932 2106 1046 2141 eum
1061 2108 1152 2159 pro
1167 2091 1470 2142 abwlutione
1486 2089 1751 2143 admodum

307 2169 549 2218 laborans.
586 2172 698 2228 Quo
730 2178 1074 2235 conquerente,
1103 2172 1331 2221 Richerus
1353 2170 1493 2230 redit,
1514 2183 1573 2220 ac
1586 2168 1752 2218 aedem

309 2264 510 2298 vacuam
529 2248 690 2313 jussus
707 2246 770 2296 ab
793 2264 905 2313 rege
929 2247 1210 2314 ingreditur.

963 2358 1100 2395 xxvl.

379 2449 460 2497 His
477 2449 542 2497 ita
551 2463 655 2497 sese
666 2446 955 2496 habentibus
970 2465 1052 2497 rex
1060 2449 1123 2497 ad
1138 2450 1387 2499 interiores
1397 2449 1589 2514 Belgicae
1598 2456 1756 2515 partes

314 2529 402 2576 iter
415 2536 684 2593 retorquet3
705 2525 884 2591 ibique,
906 2526 972 2575 ob
984 2527 1155 2576 multas
1170 2545 1330 2576 rerum
1342 2544 1448 2593 quae
1465 2534 1759 2576 emerserant

366 2646 374 2659 ⁸
405 2646 509 2677 Manu
526 2643 561 2677 2.

362 2699 379 2720 ⁸
402 2698 499 2746 apud
519 2702 552 2734 ¹.

361 2756 376 2775 ⁸
402 2755 632 2803 impetebatur
648 2767 731 2790 corr.
749 2754 995 2791 insectabatur.
