1962 3262
384 272 462 311 126
887 270 1108 312 Rlcussm
1139 269 1239 311 ΠΒ.
1275 270 1329 310 11.

377 367 545 400 arenas
558 350 742 400 collecti
753 388 767 412 ‚
780 353 1083 417 tuguriorum
1100 351 1322 401 incendio
1338 351 1624 418 presentiam
1636 366 1771 400 cunm
1793 353 1804 377 '

377 431 433 478 iis
461 431 544 495 qui
574 430 624 477 in
661 429 810 478 altero
844 430 981 478 litore
1013 440 1150 478 erant
1182 427 1554 477 ostendebant’.
1589 427 1660 478 lbi
1684 429 1814 478 enim

380 506 658 555 Adelstanus
691 524 773 556 rex
803 525 914 556 cum
951 508 1080 572 regio
1111 508 1320 573 equitatu
1365 516 1590 573 nepotem
1622 516 1815 575 prato·

378 584 585 633 lantibus
614 585 760 634 Gallis
790 586 1018 634 missurus
1053 585 1231 634 aderat.
1267 585 1411 650 Cujus
1431 585 1447 610 ⁸
1476 585 1611 650 jussu
1642 584 1817 635 domus

378 662 561 729 aliquot
584 680 843 723 suocensae,
862 680 964 711 sese
990 663 1237 712 advenisse
1267 674 1397 711 trans
1427 663 1593 730 positis
1622 662 1818 713 demon·

380 740 610 790 sti-abant.

420 942 484 976 IV.
512 940 649 989 Hngo’
666 950 700 976 et
720 941 842 987 reliqui
863 939 1058 975 Galliarum
1072 941 1094 962 ⁶
1114 939 1293 987 principe·
1313 939 1532 975 Ludovicum
1544 941 1565 963 ⁶
1581 940 1627 975 ab
1646 940 1784 976 exilio‘

597 1005 763 1032 revocant
784 998 800 1018 ⁶
813 1022 824 1039 ‚
846 998 989 1044 eju-que
1005 996 1116 1038 fiunt,
1137 1007 1287 1042 eumque
1305 996 1452 1043 regenn’
1473 1004 1606 1031 erunt.

450 1105 543 1150 Rex
571 1118 685 1166 ergo
701 1100 925 1149 Odonem
941 1101 1221 1166 episcopum
1241 1099 1278 1158 ⁸,
1298 1109 1406 1166 post
1427 1097 1822 1148 Canthorbrioen-

384 1182 507 1229 sium
533 1178 979 1245 metropolitanum,
1010 1177 1156 1225 Gallis
1191 1194 1248 1225 ex
1278 1176 1479 1225 adverso
1510 1177 1676 1243 positis
1699 1176 1824 1244 lega-

385 1270 488 1308 tum
527 1257 686 1322 dirigit
701 1294 714 1317 ,
757 1273 941 1321 magnae
981 1256 1213 1321 aequitatis
1242 1271 1298 1302 ac
1327 1254 1610 1320 eloquentiae
1636 1254 1792 1304 virum
1806 1291 1820 1316 ,

387 1336 680 1384 Ludovicum
706 1352 807 1382 sese
834 1334 1036 1382 libenter
1064 1333 1319 1381 missurum
1347 1332 1580 1382 mandans
1593 1368 1608 1395 ‚
1626 1333 1667 1381 si
1691 1343 1825 1382 tanto

386 1414 520 1462 illum
550 1414 599 1461 in
627 1412 790 1460 Galliis
820 1412 1007 1460 honore
1037 1421 1295 1479 proveant,
1329 1420 1511 1476 quanto
1538 1411 1640 1478 ipse
1668 1427 1697 1460 a
1729 1411 1826 1460 suis

386 1502 639 1560 provectus
666 1494 766 1552 est,
794 1508 906 1539 cum
931 1490 997 1538 illi
1025 1490 1167 1538 etiam
1189 1506 1290 1537 non
1316 1489 1474 1536 minus
1502 1487 1552 1536 id
1575 1488 1729 1537 faeere
1749 1504 1827 1538 va-

387 1570 537 1629 leant;
552 1569 696 1634 idque
706 1568 1018 1633 jurejurando
1033 1567 1300 1615 sefacturos
1314 1565 1614 1615 confirment.
1631 1565 1776 1626 Quod
1786 1566 1826 1615 si

387 1647 558 1707 nolint,
583 1664 685 1695 sese
700 1647 744 1695 ei
768 1646 993 1694 daturum
1008 1661 1206 1693 suoi-um
1225 1644 1420 1709 aliquod
1438 1660 1714 1710 regnorum,
1726 1660 1826 1710 quo

387 1735 640 1774 contentus
670 1735 717 1773 et
746 1725 843 1772 suis
880 1723 1111 1789 gaudeat,
1143 1732 1191 1771 et
1216 1721 1381 1770 alienis
1407 1738 1507 1770 non
1531 1721 1822 1770 sollicitetur.

388 1805 494 1850 Dux
518 1819 630 1851 cum
656 1801 849 1867 reliquis
867 1801 1128 1850 Galliarum
1152 1800 1452 1865 magnatibus
1480 1799 1531 1848 id
1560 1816 1662 1848 sese
1684 1799 1829 1848 sactu·

388 1898 497 1928 rum
513 1880 699 1940 asserit,
718 1880 758 1928 si
778 1897 860 1928 rex
874 1889 1059 1928 creatus
1078 1895 1106 1926 a
1133 1879 1229 1927 suis
1254 1878 1462 1926 consiliis
1490 1895 1591 1927 non
1611 1877 1824 1938 absistam

389 1968 764 2024 prosecutusque
793 1956 1101 2022 jurisjurandi
1133 1966 1484 2005 sacramentum
1511 1972 1613 2004 non
1641 1954 1823 2004 abnuit.

391 2040 588 2102 Legatus
602 2037 764 2102 itaque
789 2035 994 2096 rediens,
1033 2035 1130 2100 regi
1150 2034 1449 2124 praestolanti
1462 2034 1563 2083 haec
1583 2033 1831 2083 omniare-

390 2114 493 2162 fert.
511 2114 649 2162 Unde
664 2125 915 2163 etsecums
931 2123 1156 2180 nepotem
1172 2130 1283 2160 cum
1300 2113 1354 2161 iis
1369 2113 1451 2178 qui
1469 2111 1598 2180 apud
1614 2128 1666 2160 se
1678 2112 1831 2179 potio-

390 2209 464 2240 res
482 2203 639 2252 erant,
671 2192 858 2240 multa
846 2192 1100 2257 insignium
1122 2190 1400 2250 ambitione,
1430 2188 1630 2238 navibus
1653 2188 1825 2255 dirigit.

389 2270 609 2336 Velisque
635 2286 750 2318 aura
771 2268 1030 2317 commoda
1066 2268 1362 2333 turgentibus
1392 2267 1627 2336 pelagus
1614 2268 1827 2333 ingressi,

389 2365 477 2416 per
508 2348 722 2414 quietum
754 2347 1083 2414 spumantibus
1121 2349 1262 2395 remis
1299 2346 1362 2395 ad
1388 2355 1562 2394 terram
1598 2346 1827 2395 feruntur.

391 2426 606 2475 Fit-matis
620 2443 735 2475 vero
752 2436 884 2491 tergo
900 2442 1053 2473 arenae
1069 2425 1268 2473 navibus
1281 2424 1549 2474 Ludovicus
1566 2423 1828 2491 egreditur,

443 2560 459 2576 ⁵
488 2555 561 2596 Ru,
579 2555 667 2598 Gal,
691 2555 739 2597 L,
757 2555 803 2589 ab
819 2567 837 2587 e
850 2581 859 2596 ,
880 2567 919 2589 ea
935 2581 944 2596 ,
963 2566 1114 2599 eumque
1132 2567 1172 2587 et
1192 2554 1328 2599 conjece.

441 2615 450 2634 ⁸
483 2626 511 2647 s.
533 2613 639 2649 etiam
655 2612 697 2646 iis
718 2613 752 2646 ¹.

441 2673 456 2691 ¹
481 2668 685 2704 ostendebat
707 2667 825 2702 codes.

445 2736 459 2754 ⁸
484 2734 525 2767 C.
553 2733 656 2767 etiam
682 2733 692 2766 i
717 2733 749 2765 1.

446 2792 458 2809 ”
484 2804 566 2835 ergo
589 2791 737 2835 legatum
757 2787 918 2821 Odonem
941 2786 1100 2819 abbatem
1127 2788 1157 2819 l.
