1962 3262
340 235 416 273 132
829 231 1053 274 Rlcnssm
1082 232 1182 275 Lm.
1215 233 1272 273 ll.

335 330 494 379 regem
531 329 626 361 suae
654 314 1001 379 procurationis
1034 312 1395 380 dispositionem
1429 313 1656 380 repulisse
1683 312 1769 363 nd-

335 403 548 452 venem,
592 390 890 440 Heribertum
930 392 1155 439 comitem
1190 390 1277 439 sibi
1311 391 1522 451 asciscit,
1559 390 1765 458 plutima

334 469 462 536 apud
481 485 593 517 eum
607 469 656 517 in
675 469 797 534 regis
810 468 1148 517 contumeliam
1165 479 1470 536 pertractans.
1502 468 1763 518 Amicitiam

336 548 457 596 inter
470 563 572 596 sese
596 557 811 596 mutuam
834 547 1189 595 conditionibus
1204 548 1442 613 utrimque
1458 547 1759 597 confirmant.

335 714 421 749 vn.
440 734 489 742 —
504 714 704 750 liei-ibertus
723 723 874 750 castrum
893 714 1140 750 Teoda-icium
1166 714 1252 751 dolo
1277 716 1389 763 capit,
1417 728 1457 751 ac
1484 714 1700 773 proditorem
1726 716 1766 752 in

886 774 1027 809 vincula
1045 774 1201 822 conjicit.

399 888 672 937 Heribertus
686 889 845 954 itaque
856 889 1127 950 Walonem‚
1145 891 1266 956 regis
1281 889 1487 952 fidelem,
1509 893 1591 958 qui
1603 903 1762 942 castro

333 967 465 1033 quod
493 966 770 1015 Theoderici
797 967 970 1015 dicitur
991 978 1210 1034 praeerat,
1238 970 1287 1017 in
1311 968 1426 1017 dolo
1450 969 1587 1031 adiit,
1614 987 1670 1019 ac
1698 971 1763 1019 de

336 1045 594 1110 transfugio
619 1044 751 1093 illum
769 1044 1040 1111 alloquitur.
1058 1049 1154 1094 Nec
1168 1046 1251 1094 diu
1277 1056 1506 1107 moratus,
1521 1046 1723 1115 decepto
1741 1048 1754 1071 ⁰

333 1123 611 1190 persuadet,
647 1124 828 1188 majora
848 1124 1100 1190 pollicens,
1127 1142 1183 1172 ac
1207 1124 1344 1191 plura
1360 1125 1657 1191 promittens.
1679 1125 1763 1175 llle

334 1218 448 1250 mox
462 1201 524 1249 de
540 1201 760 1268 pollicitis
770 1202 1104 1266 jusjurandum
1120 1202 1347 1268 postulat,
1369 1202 1605 1269 postulata
1620 1220 1649 1252 a
1663 1208 1768 1252 sese

334 1280 400 1327 sic
424 1278 657 1327 facturum
682 1279 940 1345 spondens.
969 1277 1212 1327 Tirannus'
1229 1279 1430 1328 libenter
1458 1281 1650 1328 annuit.·
1670 1283 1768 1330 Nec

335 1358 492 1405 minus
522 1367 569 1404 et
599 1356 837 1421 transfuga
858 1357 1066 1421 juratus,
1099 1367 1287 1423 tempus
1310 1357 1546 1424 patrando
1569 1358 1767 1418 facinori

334 1434 645 1482 demonstrat.
675 1438 828 1482 Immo
853 1445 901 1483 et
929 1435 1099 1483 tiranni
1129 1434 1349 1483 manibus
1370 1447 1475 1501 sese·
1485 1435 1657 1484 exinde
1680 1438 1770 1485 mi-

334 1512 577 1560 litaturum
600 1513 874 1574 committit,
902 1530 958 1561 ac
975 1530 1033 1560 ex
1056 1513 1221 1560 militia
1245 1511 1390 1560 fidem
1413 1511 1762 1562 accommodat.

335 1592 445 1648 Quo
457 1600 651 1656 peracto
679 1591 727 1638 in
752 1608 836 1639 sua
854 1590 1121 1639 discedunt.
1149 1593 1354 1657 Tempus
1371 1589 1585 1650 advenit;
1603 1589 1763 1652 Walo,

335 1667 563 1715 simulatis
575 1669 779 1732 negotiis
791 1703 804 1728 ,
824 1668 994 1725 milites
1013 1669 1166 1733 regios
1190 1669 1273 1733 qui
1290 1685 1451 1716 secum
1469 1678 1702 1735 praeerant
1714 1669 1765 1717 in

336 1745 538 1805 diversa,
553 1747 648 1793 acsi
666 1746 787 1810 regis
804 1762 994 1794 causam
1010 1746 1232 1806 facturos,
1250 1745 1485 1812 disponit;
1503 1746 1603 1811 ipse
1612 1755 1770 1794 castro

337 1834 564 1871 evacuato
589 1824 718 1872 solus
735 1841 849 1871 cum
865 1823 1050 1871 famulis
1065 1824 1360 1889 relinquitur.
1391 1827 1486 1871 Nec
1497 1823 1769 1871 defuitcnm

337 1902 535 1950 cohorte
561 1902 789 1949 tirannus,
830 1902 923 1960 Qui
950 1919 978 1949 a
1004 1902 1241 1966 transfuga
1265 1911 1532 1967 susceptuS,
1559 1910 1769 1949 casuum

339 1979 599 2045 ingreditur
639 1990 781 2044 atque
829 1989 1058 2045 occupat;
1104 1980 1394 2046 intuitusque
1427 1978 1716 2044 transfugam
1752 1998 1765 2026 ε

342 2061 611 2118 «Putasne,
649 2076 672 2101 »
700 2057 884 2122 inquit,
920 2077 943 2102 «
962 2067 1052 2104 tuae
1077 2074 1200 2105 curae
1225 2057 1459 2124 oppidum
1492 2056 1586 2104 hoc
1621 2071 1772 2105 reser-

339 2135 583 2183 vandum?
599 2155 623 2179 »
642 2137 940 2201 Captumque
957 2151 1069 2182 mox
1079 2136 1133 2182 in
1151 2135 1338 2182 vincula
1352 2134 1559 2199 conjicit,
1578 2133 1771 2201 suisque

340 2214 480 2262 castri
501 2213 767 2261 custodiam
792 2213 956 2260 donat.
989 2216 1046 2260 Et
1065 2223 1204 2260 nocte
1222 2212 1317 2261 diei
1333 2211 1643 2272 succedente,
1669 2211 1769 2261 oeli

341 2309 451 2359 pars
474 2292 744 2359 prodigiose
772 2292 977 2339 flammis
998 2291 1387 2357 erumpentibus
1374 2307 1423 2338 ιη
1449 2290 1770 2357 septentrione

342 2369 510 2418 ardere
530 2370 628 2418 visa
654 2379 740 2417 est.
770 2371 876 2427 Qua
903 2370 1044 2417 etiam
1064 2386 1174 2416 mox
1192 2369 1494 2435 prosequitur
1514 2378 1561 2416 et
1584 2371 1772 2435 Hungu-

344 2465 507 2496 rorum
535 2449 627 2514 per
645 2447 820 2495 Gallias
852 2448 1098 2513 repentina
1124 2447 1403 2513 persecutio.
1442 2447 1535 2505 Qui
1568 2446 1770 2494 nimium

343 2527 582 2575 saevientes
603 2525 648 2586 ²,
677 2525 933 2591 municipia
960 2525 1165 2590 aliquot,
1193 2524 1419 2590 villasque
1450 2534 1497 2572 et
1525 2541 1663 2590 agros
1687 2523 1771 2572 de—

392 2698 401 2717 ·
430 2697 651 2744 pusillanimo
674 2698 706 2731 i.

390 2754 404 2773 ²
430 2766 456 2786 s.
481 2753 527 2786 ob
550 2753 750 2799 principum
772 2751 1006 2787 dissidentiam
1025 2754 1055 2786 l.
