1962 3262
351 248 429 287 190
841 245 1063 288 manm
1093 246 1195 290 un.
1225 247 1284 289 tl.

347 329 598 395 repentini*
617 338 883 396 penca-ant,
920 343 976 379 sc
1002 345 1204 396 quaeque
1237 330 1408 397 regalia
1446 332 1778 399 msignindin-

345 407 530 474 pientes
551 417 811 475 asportant.
842 410 938 456 Nec
962 407 1115 456 multo
1141 417 1251 475 post
1280 418 1327 457 et
1355 408 1484 457 idem
1511 410 1778 461 Remu-dus

347 485 469 550 regis
491 494 741 535 venatores
763 502 1000 553 canesque
1029 487 1238 553 capiens,
1267 504 1379 536 cum
1403 488 1537 553 equis
1560 504 1617 538 ac
1638 496 1778 543 vena-

345 563 469 612 bulis
490 562 700 613 abduxit.

517 934 1603 988 xuv.—Raexurbem·naemonmobaidione⁶pmnit·.

413 1044 508 1091 Rex
548 1043 788 1092 Rhodomi
837 1045 945 1094 talia
992 1048 1291 1114 comperiens
1304 1085 1317 1109 ,
1370 1051 1773 1100 Nortmannorum

346 1121 605 1169 exercitum
628 1122 805 1188 colligit
828 1124 1096 1190 copiosum,
1117 1142 1173 1174 ac
1186 1125 1405 1188 collecto,
1433 1127 1574 1191 redit,
1597 1146 1774 1196 pagum

346 1199 787 1249 Veromandensem
816 1202 1103 1267 ingrediens,
1139 1205 1425 1270 penitusque
1456 1205 1770 1274 depopulans.

347 1277 515 1325 Accitis
537 1294 732 1344 quoque
749 1280 965 1342 Amulfo,
993 1281 1209 1343 Erluino,
1237 1283 1480 1332 Bernardo
1496 1282 1777 1347 nlio,‘1’heo-

345 1356 506 1404 derioo
529 1356 801 1418 comitibus,
829 1358 880 1405 in
904 1358 1074 1408 urbem
1093 1362 1351 1408 Remorum
1375 1361 1547 1422 sermm
1574 1377 1776 1428 euinque

344 1432 571 1499 disposita
616 1435 988 1502 circumquaque
1031 1438 1283 1487 obsidione
1322 1439 1495 1504 cingit,
1538 1456 1599 1488 eo
1636 1439 1775 1506 quod

345 1513 500 1577 Hugo,
519 1513 733 1578 ejusdem
752 1515 884 1564 urbis
901 1516 1170 1583 episcopus,
1198 1517 1310 1582 quia
1333 1517 1468 1565 ducis
1482 1516 1697 1583 partibus
1712 1517 1779 1567 fa-

346 1588 500 1651 vebat,
543 1591 642 1656 regi
674 1592 937 1657 ingressum
973 1593 1190 1659 negabat.
1230 1595 1391 1643 Primo
1424 1600 1537 1662 ergo
1573 1596 1771 1663 impetn,

337 1669 545 1732 graviter
570 1668 848 1719 dimicatum
874 1681 960 1720 est.
990 1674 1109 1721 Nam
1132 1673 1381 1737 sagittariis
1406 1673 1520 1722 hinc
1549 1672 1663 1723 inde
1687 1673 1778 1723 dis-

344 1746 525 1810 positis,
553 1747 635 1811 qui
660 1748 709 1794 in
735 1764 875 1796 muro
900 1749 1181 1797 resistebant
1206 1750 1461 1799 missilibus
1483 1751 1770 1805 saucianmr.

345 1823 529 1881 Quibus
557 1825 729 1872 amotis
755 1825 832 1872 alii
860 1826 1022 1873 intacti
1048 1827 1327 1887 succedunt,
1361 1829 1487 1876 vices
1515 1846 1686 1895 pugnae
1709 1830 1779 1878 in-

346 1912 576 1965 gerentes.
605 1902 699 1950 Sed
718 1912 767 1950 et
781 1913 911 1951 extra
925 1903 1030 1952 telis
1045 1919 1101 1952 ac
1124 1904 1361 1971 lapidibus
1379 1907 1534 1971 jactis,
1555 1907 1776 1958 nonnulli

345 1978 639 2041 afficiuntur,
685 1980 974 2047 ceduntque.
1027 1984 1149 2048 Sepe
1192 1983 1422 2033 tumultus
1468 1995 1770 2052 reparantur,

346 2074 459 2123 sepe
486 2057 552 2106 ad
582 2068 767 2124 portas,
807 2076 920 2125 sepe
934 2059 998 2107 ad
1015 2077 1208 2108 murum
1226 2062 1498 2111 comminus
1513 2066 1768 2130 congressi.

348 2135 517 2182 Animo
547 2137 785 2201 utrimque
812 2137 1009 2198 feroces,
1042 2138 1176 2186 nullo
1204 2140 1353 2188 modo
1379 2140 1549 2190 cedere
1571 2153 1771 2208 pmnt3

346 2228 610 2278 numquam
645 2214 736 2262 sibi
767 2231 919 2280 usque
953 2216 1014 2264 ad
1055 2217 1423 2267 internetionem
1457 2219 1651 2281 cessuzi,
1686 2221 1776 2269 nisi

346 2290 739 2342 intercedentium
765 2293 1188 2360 supplicationibus
1216 2295 1405 2345 obsidio
1431 2295 1584 2345 soluta
1610 2295 1781 2347 disces-

344 2367 492 2416 sisset.

395 2507 413 2529 ·
438 2507 540 2551 bem,
556 2508 653 2551 ὠά,
669 2508 698 2543 it
711 2507 850 2544 abacis-¹.
