1962 3262
333 287 412 330 13⁴
826 285 1047 327 menum
1078 285 1178 327 un.
1210 287 1266 326 ΙΙ.

327 367 543 436 populati
564 376 698 427 sunt;
727 365 944 416 basilicas
983 383 1178 434 quoque
1211 365 1516 432 quamplures
1541 366 1763 416 combus-

332 455 516 506 serunt3
550 461 607 494 ac
637 444 921 512 indempnes
955 444 1111 494 redire
1144 443 1210 493 ob
1240 445 1510 511 principum
1538 443 1766 495 dissiden-

334 525 448 573 tiam
479 523 696 591 permissi
720 532 854 583 sunt,
883 540 995 572 cum
1020 538 1190 588 magna
1227 522 1526 589 captivorum
1559 517 1766 572 multitu-

335 603 463 651 dine.
494 601 589 651 Rex
618 602 746 650 enim
773 602 935 668 copias
958 618 1057 650 nou
1088 600 1294 661 habens,
1322 600 1632 666 ignominiam
1663 617 1767 670 per-

336 681 463 741 tulit,
485 691 532 729 et
550 690 715 746 utpote
737 696 763 727 a
782 680 878 727 suis
896 679 1110 727 desertus
1122 715 1135 737 ,
1157 677 1443 727 sevientibus
1459 679 1613 728 cessit.

340 1039 443 1073 vul.
463 1037 707 1086 —Oppidum
734 1038 989 1073 Montiniacnm
1010 1050 1070 1072 rex
1099 1049 1162 1085 per
1188 1037 1369 1072 cabonem
1395 1036 1602 1083 ‘expugna‘
1629 1035 1772 1082 ejusque

874 1102 1068 1149 principem
1086 1103 1106 1124 ⁹
1127 1101 1233 1147 capit.

405 1209 591 1268 Quibus
622 1209 828 1274 dgressis
851 1227 933 1257 rex
963 1209 1025 1256 ad
1055 1207 1290 1275 oppidum
1322 1205 1665 1254 Montininoum
1686 1220 1765 1252 oo-

343 1287 529 1335 hortem
556 1288 725 1347 mittit,
750 1304 855 1353 quae
882 1287 998 1335 illud
1023 1297 1247 1353 occupet,
1274 1295 1562 1352 captumque
1590 1279 1772 1342 diruat,

345 1382 403 1413 eo
441 1366 574 1431 quod
605 1366 764 1414 Sei-lus
791 1366 988 1432 quidam
1016 1365 1262 1414 latrocinia
1299 1378 1547 1423 exercens,
1583 1357 1679 1410 illic
1706 1377 1778 1409 re·

345 1445 502 1510 ceptui
526 1461 628 1492 sese
656 1444 879 1493 habebat.
914 1443 1099 1491 Cohors
1122 1459 1238 1508 ergo
1269 1441 1503 1508 oppidum
1526 1448 1774 1506 appetens,

344 1522 550 1586 latrones
573 1523 837 1589 impugnat.
866 1525 962 1569 Nec
986 1530 1170 1568 morata
1196 1521 1243 1567 vi
1267 1519 1419 1585 capit,
1447 1515 1687 1565 comburit
1720 1531 1779 1564 ac

344 1599 544 1647 subruit.
574 1603 828 1648 latronem
851 1599 1119 1666 principem
1135 1596 1555 1663 comprehensum,
1572 1593 1778 1642 dimissis

344 1677 627 1737 minoribus,
646 1678 743 1742 regi
762 1677 972 1726 deducit.
987 1677 1209 1735 Quicum
1223 1675 1356 1740 jussu
1382 1673 1513 1738 regio
1531 1670 1778 1737 gladiatori

344 1755 656 1804 decollandus
680 1755 970 1815 truderetur,
1008 1753 1189 1802 Artoldi
1216 1755 1475 1801 Remorum
1504 1747 1782 1815 metropoli-

347 1835 445 1882 tani
466 1835 753 1893 interventu,
773 1833 971 1898 gratiam
988 1832 1051 1880 ab
1065 1848 1175 1897 rege
1200 1831 1429 1889 obtinuit,
1457 1845 1513 1877 ac
1542 1842 1645 1877 sese
1665 1826 1782 1875 ulte-

347 1913 444 1959 rius
467 1928 568 1960 non
595 1911 986 1959 latrocinaturum
1013 1911 1221 1976 juratuS‚
1255 1909 1385 1957 abire
1408 1907 1666 1974 pennhsus
1686 1913 1774 1953 est.

352 1989 432 2036 His
464 1990 528 2037 ita
561 1990 701 2055 gestis
714 2026 726 2050 ,
762 2006 845 2037 rex
877 1990 926 2037 in
961 1999 1119 2055 partes
1153 1988 1347 2053 Belgioee
1385 1986 1506 2035 mari
1536 1983 1783 2049 contiguas

351 2069 605 2128 concessit,
624 2068 859 2136 oppidum
874 2069 924 2116 in
939 2069 1044 2134 ipso
1053 2067 1198 2115 maris
1214 2074 1358 2133 portu
1375 2073 1616 2113 exstruere
1629 2061 1777 2108 nisus.

352 2147 438 2193 Cui
463 2147 606 2194 etiam
631 2147 739 2194 loco
763 2146 914 2194 Guiso
942 2155 1013 2193 est
1038 2161 1234 2193 nomen.
1262 2146 1594 2209 Exceptusque
1616 2138 1679 2187 ab
1706 2141 1785 2187 Ar-

355 2223 487 2272 uulso
505 2226 711 2291 regionis
730 2219 852 2273 illius
874 2225 1106 2292 principe,
1122 2222 1251 2290 apud
1269 2238 1380 2270 eum
1397 2220 1459 2268 de
1477 2216 1643 2285 oppidi
1661 2233 1787 2266 erec-

355 2303 485 2351 tione
512 2301 696 2369 agebat.
731 2303 819 2350 Ubi
842 2303 961 2350 dum
992 2302 1040 2350 in
1067 2301 1253 2367 agendo
1278 2314 1437 2348 moras
1469 2297 1658 2357 faceret,
1686 2308 1783 2344 ces-

356 2392 482 2429 trum
503 2381 747 2430 Remensis
760 2381 995 2441 aecclesiae,
1010 2381 1207 2428 nomine
1223 2381 1516 2435 causostem,
1537 2389 1674 2422 secus
1697 2370 1782 2421 flu-

356 2460 487 2508 vium
522 2461 790 2508 Mati-onam
830 2460 972 2507 situm
1004 2458 1065 2506 ab
1111 2455 1307 2505 Artoldo
1346 2452 1544 2521 praesule
1577 2449 1786 2508 edimm,

359 2537 630 2586 Heribertus
655 2537 929 2604 proditione
952 2535 1214 2601 ingreditur
1245 2550 1301 2581 ac
1324 2532 1466 2598 capit.
1505 2533 1792 2578 Casu-enses-

357 2635 451 2682 que
480 2617 733 2677 invadens,
760 2633 929 2665 eorum
953 2615 1164 2681 potiores
1187 2611 1396 2660 abducit.
1437 2611 1562 2656 Rura
1591 2607 1793 2655 circum·

358 2713 548 2761 quaque
581 2695 921 2762 depopulatur,
965 2711 1020 2741 ac
1056 2690 1325 2756 ingentibus
1361 2687 1532 2754 praedis
1558 2684 1791 2752 oppidum

407 2813 422 2825 ⁶
449 2831 456 2840 .
493 2835 500 2849 ‚
524 2820 577 2841 vm
597 2808 737 2840 alm-eso.
