1962 3262
368 253 442 290 178
847 247 1065 291 lucusstu
1097 249 1198 291 1018.
1234 251 1287 294 ΙΙ.

359 332 645 398 praeteriret,
673 347 763 380 uec
783 347 896 379 eum
920 330 1213 392 dinosceret,
1240 341 1288 379 et
1312 331 1374 379 ab
1398 330 1614 396 hostibus
1642 331 1654 344 ⁰
1732 391 1739 397 q

361 409 471 456 titus
493 409 543 457 in
575 407 686 457 loco
713 418 881 468 staret,
918 410 1282 475 comminusque
1310 409 1611 475 confligeret,
1731 400 1740 409 '¹

361 486 532 535 modus
554 487 652 535 suis
674 488 893 554 stipatuS,
923 504 1082 553 regem
1106 504 1133 535 a
1159 497 1290 552 tergo
1309 487 1515 554 appetit,
1544 479 1788 554 factusque

355 565 399 612 ei
424 564 613 625 dexter,
640 582 728 632 per
751 565 907 613 lorioee
934 565 1169 614 manicam
1199 582 1322 632 pene
1351 582 1503 630 usque
1523 564 1590 614 ad
1612 565 1786 616 sinistri

354 640 512 693 lateris
526 642 890 708 ypocundriam,
905 642 1069 691 lancea
1081 643 1279 691 sauciat.
1300 645 1412 701 Rex,
1435 641 1786 693 multacedeab

354 737 414 767 eo
433 720 612 787 impetu
630 720 869 787 paulisper
885 720 1113 781 dimotus,
1132 721 1423 769 sauciantem
1438 720 1651 787 respicit3
1670 720 1786 769 ictu·

351 799 513 862 quein
537 798 752 846 dextram
769 798 1014 864 obliquato
1027 834 1042 858 ‚
1068 798 1373 864 provocantis
1394 807 1540 864 caput
1560 814 1674 847 cum
1699 797 1785 848 hu·

351 892 486 924 mero
518 876 708 924 sinistro
742 875 1011 924 obtruncat.
1038 877 1186 924 Tanta
1208 891 1403 942 quoque
1432 875 1561 924 coede
1586 875 1784 940 gentiles

350 954 438 1001 susi
462 963 598 1013 sunt,
626 964 867 1002 uteorum
890 969 1065 1002 novem
1082 953 1210 1001 milia
1231 954 1243 979 ⁴
1269 952 1458 1001 cesaibi
1475 953 1776 1003 resonenmr.

350 1031 532 1097 Reliqui
556 1049 695 1090 νει-ο,
723 1032 994 1099 paucissimi
1010 1042 1168 1080 tamen
1184 1067 1197 1091 ‚
1226 1030 1379 1079 navali
1395 1031 1617 1102 profugio
1632 1033 1781 1100 erepti

347 1119 474 1158 sunt.
515 1113 609 1158 Rex
628 1127 656 1157 a
688 1112 792 1158 Deo
827 1109 1023 1158 victoria
1051 1109 1231 1176 potitus
1264 1119 1352 1167 est,
1387 1125 1587 1159 suorum
1613 1103 1779 1160 'umen

346 1187 511 1255 paucis
548 1187 689 1248 fusis,
730 1187 973 1235 nonnullis
1005 1205 1119 1235 vero
1154 1187 1387 1236 sauciatis.
1426 1188 1540 1235 Post
1571 1202 1779 1257 quotum

346 1283 511 1314 curam
530 1266 684 1317 redire
699 1265 977 1332 disponens,
1006 1265 1279 1314 Rodomum
1301 1265 1496 1314 Erluino
1513 1264 1775 1323 commisit3

347 1345 447 1411 ipse
462 1344 814 1411 Compendium
838 1343 1043 1392 rediens.

347 1696 745 1734 xxxvl.-Anotdm
759 1697 1040 1745 mhiepiwopm
1052 1697 1210 1732 tiranno·
1223 1695 1381 1739 dimittit,
1396 1705 1431 1731 et
1447 1695 1493 1731 nd
1508 1708 1627 1743 regen
1640 1696 1775 1733 munit.

412 1824 522 1881 Quo
557 1838 669 1870 eum
709 1821 956 1870 advenisse
993 1821 1247 1870 dinoscens
1265 1857 1278 1880 ‚
1316 1818 1564 1881 Artoldus,
1608 1820 1695 1886 qui
1722 1820 1774 1874 in

347 1899 569 1948 coenobio
586 1899 736 1948 sancti
763 1899 917 1947 Basoli
934 1900 1218 1948 confessoris
1233 1898 1295 1947 ab
1311 1898 1429 1947 urbe
1447 1897 1612 1965 pulsus
1625 1912 1778 1947 mora-

348 1979 514 2037 batur,
541 1994 656 2025 mox
678 1976 905 2043 quicquid
923 1993 951 2024 a
971 1978 1162 2024 tiranno
1185 1977 1274 2024 sibi
1297 1976 1514 2024 relictum
1538 1985 1641 2024 erat
1660 1974 1778 2040 abji-

348 2058 478 2105 ciens
487 2093 500 2118 ,
527 2056 590 2104 ad
604 2071 763 2121 regem
779 2072 882 2103 sese
895 2055 1097 2103 contulit
1106 2091 1119 2115 ,
1139 2054 1339 2102 mallens
1356 2053 1485 2121 apud
1499 2064 1615 2102 eum
1626 2063 1776 2120 parvo

349 2145 602 2183 contentus
625 2134 801 2182 morari
815 2170 827 2194 ‚
855 2150 1000 2199 quam
1024 2132 1306 2181 insaciabilis
1330 2132 1504 2180 tiranni
1534 2130 1779 2181 beneficiis

350 2213 567 2262 detineri.
583 2215 678 2260 Rex
688 2212 1126 2278 metropolitanum,
1142 2228 1240 2276 quo
1258 2211 1360 2278 ipse
1377 2226 1461 2258 rex
1475 2218 1779 2259 consecratus

352 2291 438 2340 suit
452 2327 465 2352 ,
492 2290 663 2356 injuste
686 2290 1029 2357 praecipitatum
1053 2288 1245 2349 dolens,
1263 2305 1326 2339 ne
1341 2286 1527 2336 diffidat
1537 2286 1774 2348 hortamr,

351 2364 595 2423 summum
615 2368 934 2425 sacerdotium
957 2383 1059 2416 sese
1083 2368 1128 2415 ei
1151 2365 1449 2415 redditurum
1464 2363 1711 2432 pollicens.

404 2536 414 2553 '
443 2522 532 2570 flff
553 2537 731 2583 pua-posito
751 2534 807 2567 .V.
826 2542 858 2566 ee
876 2535 909 2566 in
929 2534 1074 2577 margine
1088 2531 1199 2566 eadem
1217 2543 1314 2565 manu
1330 2518 1468 2565 W
