1962 3262
364 247 437 284 158
849 241 1070 283 lucussm
1101 242 1198 285 ΗΒ.
1235 243 1288 286 ΙΙ.

359 323 506 370 lilium
533 325 799 387 nugonem,
826 322 1137 388 presbiterum
1164 324 1415 373 ordinavit.
1448 325 1585 375 Unde
1606 336 1655 376 et
1671 343 1785 378 eum

359 411 491 467 pater
513 399 791 448 sacerdotali
818 399 1046 465 dignitate
1067 402 1295 468 ampliare
1321 403 1534 469 cupiens,
1562 412 1616 452 ut
1640 403 1787 454 Amt-

358 478 448 526 dus
479 477 783 543 pontificatus
814 478 948 543 apiee
987 477 1196 543 legaliter
1236 481 1521 546 privaretur,
1559 481 1787 531 instanter

356 554 609 621 quaerebat.
639 555 783 619 Cujus
813 556 878 603 rei
911 556 1142 604 rationem
1165 573 1276 605 cum
1306 560 1505 622 Hugone
1530 558 1653 608 duee
1675 575 1786 608 eon-

363 633 483 692 tulit,
505 650 561 681 ac
588 634 635 681 in
658 632 875 680 effectum
894 632 1040 697 redigi
1059 633 1322 682 admodum
1340 635 1487 700 petiit.

355 829 470 865 XXV.
496 849 544 856 —
572 828 767 863 Artoldus’
794 842 814 863 a
846 829 1228 877 comprovincialibus*
1258 830 1460 879 episeopin’
1487 830 1691 879 repudiatur
1718 833 1782 868 α’

858 901 924 936 pro
939 901 983 923 eo
999 888 1103 936 Ilugo
1120 889 1270 936 eligitur.

418 1003 652 1069 Disposita
698 1019 812 1067 ergo
845 1004 1083 1051 rationum
1113 1019 1323 1063 summa,
1363 1006 1607 1053 Rememis
1629 1005 1784 1056 dioce-

350 1097 457 1130 seos
487 1081 737 1146 episcopos
762 1090 1048 1139 convocant,
1079 1081 1162 1145 qui
1187 1080 1311 1129 inter
1334 1080 1583 1130 Artoldum
1615 1091 1663 1131 et
1685 1085 1781 1131 Hu-

350 1174 523 1224 gonem
540 1194 552 1217 ,
590 1157 964 1205 controversiam
1003 1157 1347 1216 determinent,
1393 1157 1782 1226 objectommque

350 1236 495 1285 finem
519 1234 825 1283 constituant.
855 1234 1050 1283 Collecti
1069 1251 1182 1299 ergo
1200 1235 1329 1301 apud
1354 1234 1523 1283 urbem
1540 1237 1783 1286 Suesson‘b

349 1331 472 1374 cam,
503 1313 552 1359 in
581 1311 772 1378 basilica
791 1321 1062 1359 sanctorum
1096 1312 1343 1360 martirum
1361 1313 1565 1380 Crispini
1589 1324 1638 1362 et
1664 1310 1783 1363 Cris-

351 1391 548 1458 piniani‚
583 1389 758 1437 civium
794 1389 1095 1437 Remensium
1133 1388 1375 1455 querelam
1404 1389 1672 1457 excipiunt,
1710 1389 1782 1439 di-

347 1469 557 1518 centium
573 1484 674 1515 sese
698 1466 961 1514 diutissime
978 1477 1167 1532 pastore
1192 1467 1463 1527 destitutos;
1485 1468 1563 1518 cui
1577 1466 1782 1518 subdan-

348 1560 425 1595 tur
449 1557 495 1594 et
513 1545 853 1610 obsequantur,
873 1544 1147 1610 suppliciter
1162 1554 1395 1609 expetere.
1419 1543 1666 1592 Artoldum
1677 1544 1778 1609 Jam

348 1644 397 1674 se
415 1624 559 1683 nolle,
581 1640 640 1671 eo
657 1622 790 1688 quod
808 1632 1105 1671 sacramento
1122 1616 1417 1687 episcopium
1433 1621 1774 1688 repudiaverit;

348 1714 397 1752 at
414 1706 680 1766 Hugonem,
711 1700 842 1764 quod
867 1701 1085 1748 omnium
1110 1698 1290 1747 unione
1315 1698 1507 1759 electus,
1537 1698 1779 1749 omnibus-

346 1797 441 1846 que
463 1777 815 1844 acceptissimus
854 1777 929 1824 sit.
970 1779 1188 1835 Quorum
1218 1777 1539 1841 querimoniis
1566 1777 1776 1844 episoopi

345 1865 632 1915 annuentes,
654 1854 921 1902 saeerdon‘o
951 1854 1149 1919 dignum
1177 1858 1427 1920 nugonem
1450 1864 1683 1916 manunt,
1714 1870 1775 1904 eo

345 1932 477 2001 quod
495 1949 595 1981 non
623 1932 778 1981 solum
808 1932 962 1980 carnis
988 1931 1226 1992 nobilitas,
1261 1932 1343 1980 sed
1375 1942 1422 1980 et
1445 1932 1591 1981 animi
1617 1946 1775 1981 mores

346 2010 507 2080 pudici
543 2009 803 2078 plurimum
836 2026 947 2058 eum
981 2010 1399 2071 commendarent,
1447 2020 1603 2058 ratum
1630 2010 1773 2058 etiam

346 2092 464 2149 fore,
482 2089 522 2137 si
545 2089 664 2136 tanti
682 2087 880 2135 honoris
895 2086 1103 2146 culmen,
1133 2104 1344 2154 personae
1371 2085 1615 2136 nobilitate
1637 2086 1775 2136 adon

343 2178 498 2216 netur.
532 2168 782 2231 Hugonem
823 2166 979 2232 itaque
1013 2182 1135 2231 pene
1158 2166 1375 2214 omnium
1405 2164 1676 2216 eonibentia
1709 2175 1774 2214 at·

343 2244 533 2305 tollunt,
552 2260 608 2292 ac
627 2245 799 2291 Remos
814 2243 1092 2303 deductum,
1121 2244 1168 2291 in
1186 2243 1407 2292 ooenobio
1425 2242 1773 2292 monachorum

343 2322 494 2371 sancti
535 2321 730 2386 Remigii
770 2321 1188 2387 metropolitanum
1239 2321 1562 2388 sollempniter
1608 2337 1774 2369 eonse-

342 2410 495 2461 crant,
520 2408 664 2465 atque
686 2398 734 2446 in
768 2397 885 2446 urbe
909 2397 1132 2447 decenter
1159 2409 1427 2466 exeepmm,
1455 2398 1609 2447 multo
1634 2397 1773 2447 oboe-

342 2478 457 2544 quio
481 2493 536 2524 ac
566 2475 827 2524 reverentia
849 2475 1106 2525 honorant.
1137 2479 1231 2525 Rex
1256 2477 1305 2525 in
1332 2476 1546 2543 partibus
1563 2479 1772 2543 Burgun-

344 2556 432 2604 diae
457 2555 693 2602 viatorum
728 2553 876 2601 relatu
891 2590 903 2611 ,
942 2564 1178 2619 patratum
1220 2556 1463 2619 negotium
1498 2554 1765 2614 advertens,

344 2651 454 2682 mox
479 2631 764 2681 Laudunum
790 2631 942 2679 rediit.
975 2632 1233 2680 Arnoldum
1266 2650 1459 2697 quoque
1483 2649 1538 2681 ac
1558 2631 1662 2696 ejus
1674 2629 1770 2678 'li-a·

388 2752 407 2772 θ
435 2752 482 2789 Α,
501 2762 539 2788 c,
561 2761 599 2789 e,
616 2757 649 2781 et
669 2762 707 2780 es
724 2751 859 2790 conjecc.
