1962 3262
340 238 425 276 2³8
840 235 1061 277 mensal
1093 236 1194 277 ΜΒ.
1226 236 1284 277 Π.

343 330 479 386 patre
498 336 607 369 meo
626 320 638 345 ⁰
660 319 941 381 consilium,
967 337 1028 370 eo
1044 320 1180 387 quod
1203 320 1306 385 ejus
1322 330 1446 370 esset
1469 321 1635 383 miles,
1667 338 1782 373 eon·

340 398 455 446 siliis
471 397 785 458 commodus,
814 398 1035 447 facundia
1058 398 1199 446 simul
1230 408 1279 446 et
1310 399 1502 448 audatia
1523 399 1775 467 plurimus.

345 477 484 526 Unde
499 487 547 526 et
572 493 657 526 rex
683 476 948 526 admodum
978 477 1022 526 ei
1051 477 1414 538 consuescebat,
1442 488 1491 527 et
1511 478 1643 546 apud
1664 495 1780 529 eum

339 559 582 625 sepissime
600 558 915 608 consultabat.
936 557 1155 607 Dictabat
1170 575 1285 625 ergo
1301 569 1438 626 pater
1451 575 1589 609 meus
1600 560 1779 629 'apud

338 652 500 702 regem
539 646 589 686 et
631 653 812 704 paucos
848 637 932 703 qui
963 637 1251 698 intererant,
1299 637 1523 687 ordinem
1555 637 1778 706 capiendi

338 716 623 764 Laudunum
653 715 747 764 ita.
776 716 986 782 primum
1009 732 1112 764 sese
1144 714 1509 765 observaturum
1530 717 1778 784 oportuni·

339 807 483 847 tatem
513 796 691 859 aiebat,
719 807 767 846 et
790 814 851 847 an
883 796 978 846 loci
1001 797 1235 847 habitudo
1267 797 1318 847 id
1349 798 1513 859 ferret,
1544 814 1609 849 an
1629 799 1775 849 etiam

333 878 460 926 cives
478 878 528 925 in
546 875 882 925 observatione
905 875 1038 924 urbis
1061 877 1317 925 cautissimi
1332 876 1642 938 haberentur,
1669 876 1774 927 dili-

335 956 604 1021 gentissime
627 954 986 1022 exploraturum
1013 971 1115 1003 sese
1139 954 1452 1005 memorabat.
1485 955 1672 1005 Deinde
1700 955 1774 1005 di-

331 1034 472 1083 cebat
484 1033 738 1083 efficaciter
759 1050 811 1081 se
834 1032 957 1081 adeo
976 1032 1310 1082 ordinaturum
1336 1033 1528 1096 omnia,
1559 1034 1691 1083 etsie
1707 1033 1771 1084 ad

331 1113 552 1161 effectum
581 1111 759 1159 utiliter
789 1109 1128 1171 reducturum,
1157 1121 1210 1158 ut
1235 1109 1353 1158 nulli
1382 1121 1493 1177 post
1514 1128 1617 1162 sese
1638 1113 1770 1179 quie-

331 1208 477 1257 quam
497 1190 689 1255 negotio
714 1188 975 1255 inperfecto
993 1187 1315 1256 supplendum
1336 1188 1698 1255 relinqueretur.

917 1319 1160 1354 LXXXVIII.

398 1424 521 1485 Rege
544 1435 658 1484 ergo
688 1435 777 1485 per
804 1417 906 1466 dies
937 1418 1120 1483 aliquot
1151 1418 1308 1467 Remis
1337 1417 1645 1480 demorante,
1673 1421 1766 1469 Ro-

330 1499 491 1548 dulfus
506 1498 523 1524 ⁸
550 1523 620 1536 —-·
635 1497 703 1545 sic
718 1496 847 1544 enim
864 1506 1000 1563 pater
1017 1513 1153 1544 meus
1167 1496 1182 1520 ⁴
1205 1495 1531 1545 dicebatur—
1552 1513 1766 1546 commo-

329 1578 525 1627 ditatem
540 1574 760 1642 patrandi
785 1574 962 1639 negotii
976 1591 1062 1640 per
1078 1591 1192 1622 suos
1208 1574 1500 1663 explorabat.
1518 1575 1765 1642 missisque

329 1653 739 1722 exploratoribus,
767 1653 1004 1718 comperit
1019 1668 1246 1717 agasones
1262 1652 1438 1701 civium
1455 1669 1543 1742 per
1556 1651 1659 1701 dies
1672 1652 1765 1702 sin-

329 1735 462 1801 gulas
485 1734 613 1781 exire
635 1731 697 1780 ab
721 1730 840 1779 urbe
862 1740 1080 1797 tempore
1102 1732 1375 1797 vespertino
1399 1731 1764 1802 quinquagenos

329 1823 411 1861 aut
435 1826 718 1876 sexagenos,
751 1818 799 1856 et
822 1808 1064 1874 farraginis
1093 1807 1337 1858 fasciculos
1360 1809 1495 1876 equis
1511 1809 1562 1858 in
1591 1808 1763 1860 urbem

329 1890 539 1950 deferre,
572 1886 805 1954 capitibus
828 1885 894 1933 ob
928 1886 1041 1934 solis
1068 1886 1293 1935 ardorem
1323 1887 1580 1936 obvolutis.
1611 1886 1763 1955 quue

329 1970 528 2029 cotidie,
550 1978 598 2016 et
616 1977 832 2032 tempore
856 1964 1045 2013 eodem.
1069 1964 1214 2023 Quod
1237 1982 1347 2013 cum
1366 1965 1428 2013 ab
1452 1965 1763 2016 observatori-

328 2051 419 2098 bus
455 2047 576 2115 patri
611 2061 722 2093 meo
742 2044 758 2068 ⁸
798 2043 999 2092 relatum
1026 2043 1214 2104 fuisset,
1254 2043 1393 2091 simili
1421 2061 1506 2092 eos
1537 2043 1762 2093 exercitio

331 2148 470 2199 posse
499 2128 594 2177 salli
625 2125 841 2175 advertit.
864 2124 1019 2201 Refert
1038 2124 1056 2149 ⁶
1079 2141 1193 2190 ergo
1212 2142 1314 2173 sese
1337 2125 1400 2173 ad
1418 2142 1604 2191 regem,
1622 2135 1671 2174 et
1693 2126 1761 2174 sic

329 2212 458 2280 apud
482 2227 594 2259 eum
621 2205 931 2276 praesentibus
951 2207 1246 2273 paucissimis
1268 2216 1501 2274 concepta
1526 2205 1756 2256 effundit:

949 2335 1151 2371 LXXXIX.

398 2465 419 2490 «
435 2445 660 2507 Magnum
672 2440 918 2506 quidem‚»
933 2440 1167 2505 inquiens,
1181 2455 1338 2488 «orex
1347 2438 1763 2502 videretur-‚sihoc

375 2568 386 2588 ¹
405 2566 421 2588 ¹
437 2568 510 2614 jam
525 2578 564 2614 p.
581 2577 631 2600 m.

374 2638 390 2658 ⁸
406 2640 479 2683 jam
494 2627 598 2673 roz-s.

376 2694 390 2714 ⁴
406 2696 421 2714 ⁴⁵
437 2697 508 2739 jam
526 2707 563 2740 p.
581 2706 630 2729 m.

375 2750 391 2770 ⁸
416 2749 573 2784 Contulit
593 2751 624 2783 1.
