1962 3262
311 231 390 270 186
801 225 1026 267 menum
1058 222 1156 268 Lus.
1190 225 1247 266 n.

305 310 558 376 episcopus
587 323 699 356 cum
731 308 1174 373 supervenientium
1206 306 1419 355 hostium
1452 313 1583 355 metu
1607 307 1743 356 tud·

307 398 397 445 tus,
426 387 475 435 in
503 384 763 434 aeoelesiam
790 384 951 451 fugere
986 395 1253 450 cogeretur,
1282 390 1486 432 suomm‘
1513 383 1744 434 densim

306 480 562 532 oppressus
590 478 649 511 ac
675 462 933 511 suffocatus
955 472 1042 511 est.
1081 463 1310 511 Brittanni
1346 463 1396 510 in
1429 461 1534 529 ipso
1561 461 1744 529 impetu

307 543 486 592 viribus
498 541 769 608 resumptis,
789 539 952 589 hostes
975 539 1036 589 ab
1054 539 1174 589 urbe
1197 539 1470 590 vehementi
1491 539 1745 603 conamine

307 620 646 691 reppulerunt,
681 618 883 685 illosque
905 618 1066 668 adorsi
1098 619 1229 685 gravi
1262 617 1390 667 caede
1418 617 1659 681 fuderunt.
1686 620 1769 669 At.

309 698 558 759 Brittanni,
576 697 881 764 prosperiore
898 696 1107 747 fortunae
1130 712 1353 747 successu
1368 695 1640 758 confortati,
1658 705 1747 753 tu*

308 779 374 827 tia
403 776 572 826 itidem
596 774 675 824 die
697 774 896 824 classem
929 773 1222 863 pervadunt.
1256 774 1741 840 congrediunturque.
1748 821 1751 825 .

308 857 362 904 ln
378 863 513 942 parte
537 862 739 918 utraque
773 853 1014 901 innumeri
1038 852 1145 901 fusi.
1171 852 1406 902 Brittanni
1438 868 1553 900 vero
1577 851 1747 903 advo-

308 933 544 980 sariorum
575 930 739 996 copias
761 946 864 977 non
889 930 1033 996 passi,
1061 930 1112 978 in
1145 929 1304 995 fugam
1336 929 1567 978 fen-imum
1605 932 1746 979 Nort-

310 1010 474 1058 manni
491 1019 652 1057 autem
677 1009 874 1057 victoria
895 1009 1052 1074 potiti,
1075 1009 1431 1055 Brittannorum
1446 1006 1566 1056 alios
1587 1006 1746 1072 gladio

307 1087 551 1147 occidunt,
590 1086 709 1135 alios
736 1087 788 1135 in
825 1087 996 1135 fluctus
1027 1096 1228 1151 cogunt,
1264 1085 1383 1133 alios
1413 1100 1531 1133 vero
1566 1100 1597 1133 ι
1626 1085 1747 1133 Brit-

309 1166 481 1214 tanniae
499 1164 675 1213 finibus
692 1164 956 1224 eliminant,
984 1174 1154 1231 praeter
1168 1164 1261 1212 hos
1284 1164 1368 1230 qui
1386 1162 1621 1211 servitutis
1629 1162 1747 1230 jugo

309 1242 449 1291 subdi
467 1259 567 1290 non
587 1259 879 1292 recusavere.

420 1374 537 1410 XLII.
554 1375 687 1410 —Rex
702 1376 723 1398 ⁶
740 1370 870 1411 terram
889 1375 1193 1411 Nummum
1208 1375 1229 1397 ¹
1246 1372 1408 1421 pervadit
1421 1373 1585 1423 capitque
1599 1373 1635 1407 θ.

371 1469 481 1526 Quo
501 1466 565 1515 ad
588 1468 712 1532 regis
735 1484 875 1515 aures
898 1467 1100 1533 perlat0,
1127 1466 1376 1516 Arnulfum
1409 1482 1467 1516 ac
1498 1465 1748 1516 Erluinum

309 1546 531 1605 comiteS,
577 1546 816 1611 simulque
852 1555 902 1594 et
939 1545 1223 1610 Burgundiae
1255 1545 1516 1611 episcopos·
1546 1542 1753 1609 aliquot,

314 1641 396 1672 rex
421 1625 619 1672 accersit
648 1624 986 1690 (praesensemt
1012 1624 1190 1672 etenim
1224 1638 1395 1670 eorum
1427 1620 1688 1672 nonnullos
1721 1638 1750 1669 a

313 1702 407 1750 fide
431 1702 675 1761 defecisse,
702 1701 991 1766 Hugonique
1004 1700 1238 1762 cessisse),
1259 1716 1315 1747 ac
1338 1715 1450 1747 cum
1468 1699 1676 1747 exercitu
1700 1699 1749 1747 in

312 1796 396 1828 eos
419 1779 582 1828 fertur.
613 1778 835 1827 Amulfus
852 1795 963 1827 cum
983 1778 1080 1826 suis
1106 1794 1268 1842 regem
1291 1776 1582 1844 praecedens,
1610 1778 1750 1825 Nort-

313 1874 535 1918 mannos,
562 1857 647 1922 qui
661 1855 902 1905 custodias
918 1855 1256 1914 observabant,
1277 1854 1454 1904 utiliter
1470 1869 1752 1920 congressus

312 1935 442 2004 apud
475 1934 643 1983 Arcas‘
676 1934 814 1994 fudit,
850 1951 905 1983 ac
935 1936 1034 1999 regi
1071 1935 1310 1982 incessum
1351 1930 1607 1999 expedivit.
1653 1930 1751 1980 Rex

315 2013 622 2062 Rhodomum
651 2012 864 2073 veniens,
892 2010 953 2060 ab
983 2012 1040 2060 iis
1067 2011 1152 2077 qui
1187 2009 1301 2059 fidei
1332 2019 1598 2060 servatores
1619 2008 1751 2059 linere

313 2102 537 2159 exceptus
567 2101 654 2139 est.
694 2093 971 2139 Desertores
993 2106 1109 2137 vero
1147 2105 1279 2136 mare
1308 2097 1541 2155 petentes,
1567 2085 1752 2138 moliti

313 2180 450 2230 sunt;
467 2168 726 2234 municipia
747 2184 864 2216 vero
881 2167 1032 2233 copiis
1055 2167 1241 2215 munita
1263 2165 1514 2232 reliquere.
1543 2167 1643 2214 Rex
1656 2181 1753 2216 ma·

315 2248 474 2296 lorum
488 2247 660 2295 nimias
683 2262 786 2294 esse
801 2246 964 2311 copias
981 2244 1310 2304 considerans,
1328 2242 1391 2292 ab
1408 2246 1612 2309 Hugone
1627 2242 1761 2293 duce-

315 2326 555 2392 suppetias
569 2323 912 2389 congrediendi
935 2340 1022 2389 per
1043 2322 1223 2387 legatos
1240 2320 1465 2388 postulat.
1494 2322 1554 2369 Et
1571 2330 1627 2370 ut
1647 2320 1752 2386 ipse

317 2420 429 2452 cum
450 2402 791 2451 sufficientibus
808 2402 959 2468 copiis
973 2402 1149 2462 veniat,
1177 2401 1457 2466 Bajpcarum
1479 2398 1651 2448 urbem
1665 2398 1749 2460 ita,

317 2483 356 2529 si
373 2481 392 2507 ¹
428 2497 536 2530 eam
573 2497 685 2529 cum
726 2479 919 2545 reliquis
950 2487 1205 2545 expugnet,
1244 2475 1594 2527 accommodat.
1638 2477 1749 2526 Dux

363 2612 385 2633 ⁸
409 2611 461 2656 R,
478 2612 534 2654 N,
551 2624 590 2653 r,
607 2623 627 2646 c
642 2611 780 2647 abscisa.

367 2668 377 2687 ⁸
405 2667 527 2702 mins
541 2680 625 2702 corr.
649 2680 757 2703 arcas.

367 2724 382 2743 ⁸
407 2731 443 2756 ut
460 2735 542 2757 corr.
561 2724 601 2758 si.
