<?xml version="1.0" encoding="UTF-8"?>
<!DOCTYPE html PUBLIC "-//W3C//DTD XHTML 1.0 Transitional//EN"
    "http://www.w3.org/TR/xhtml1/DTD/xhtml1-transitional.dtd">
<html xmlns="http://www.w3.org/1999/xhtml" xml:lang="en" lang="en">
 <head>
  <title>
</title>
<meta http-equiv="Content-Type" content="text/html;charset=utf-8" />
  <meta name='ocr-system' content='tesseract 3.04.00' />
  <meta name='ocr-capabilities' content='ocr_page ocr_carea ocr_par ocr_line ocrx_word'/>
</head>
<body>
  <div class='ocr_page' id='page_1' title='image "./richerhistoirede00richuoft_0126.png"; bbox 0 0 1962 3262; ppageno 0'>
   <div class='ocr_carea' id='block_1_1' title="bbox 340 354 1722 465">
    <p class='ocr_par' dir='ltr' id='par_1_1' title="bbox 340 354 1722 465">
     <span class='ocr_line' id='line_1_1' title="bbox 340 354 1722 465; baseline -0.002 0"><span class='ocrx_word' id='word_1_1' title='bbox 340 369 822 465; x_wconf 86' lang='lat' dir='ltr'><strong>RICHERI-</strong></span> <span class='ocrx_word' id='word_1_2' title='bbox 907 354 1722 463; x_wconf 72' lang='lat' dir='ltr'>HlsTORIARUn</span> 
     </span>
    </p>
   </div>
   <div class='ocr_carea' id='block_1_2' title="bbox 670 576 1397 648">
    <p class='ocr_par' dir='ltr' id='par_1_2' title="bbox 670 576 1397 648">
     <span class='ocr_line' id='line_1_2' title="bbox 670 576 1397 648; baseline 0 -12"><span class='ocrx_word' id='word_1_3' title='bbox 670 577 901 637; x_wconf 84' lang='lat' dir='ltr'><strong>LIBRI</strong></span> <span class='ocrx_word' id='word_1_4' title='bbox 967 576 1397 648; x_wconf 80' lang='lat' dir='ltr'><strong>QUATUOR.</strong></span> 
     </span>
    </p>
   </div>
   <div class='ocr_carea' id='block_1_3' title="bbox 851 735 1179 756">
    <p class='ocr_par' dir='ltr' id='par_1_3' title="bbox 851 735 1179 756">
     <span class='ocr_line' id='line_1_3' title="bbox 851 735 1179 756; baseline 0 2506"><span class='ocrx_word' id='word_1_5' title='bbox 851 735 1179 756; x_wconf 95' lang='lat' dir='ltr'> </span> 
     </span>
    </p>
   </div>
   <div class='ocr_carea' id='block_1_4' title="bbox 620 862 1369 930">
    <p class='ocr_par' dir='ltr' id='par_1_4' title="bbox 620 862 1369 930">
     <span class='ocr_line' id='line_1_4' title="bbox 620 862 1369 930; baseline 0.001 -2"><span class='ocrx_word' id='word_1_6' title='bbox 620 862 621 865; x_wconf 28' lang='lat'>¹</span> <span class='ocrx_word' id='word_1_7' title='bbox 695 869 950 929; x_wconf 86' lang='lat' dir='ltr'><strong>LIBER</strong></span> <span class='ocrx_word' id='word_1_8' title='bbox 1019 869 1369 930; x_wconf 71' lang='lat' dir='ltr'>PRIMUS.</span> 
     </span>
    </p>
   </div>
   <div class='ocr_carea' id='block_1_5' title="bbox 848 1096 1221 1132">
    <p class='ocr_par' dir='ltr' id='par_1_5' title="bbox 848 1096 1221 1132">
     <span class='ocr_line' id='line_1_5' title="bbox 848 1096 1221 1132; baseline 0 -1"><span class='ocrx_word' id='word_1_9' title='bbox 848 1099 878 1131; x_wconf 92' lang='lat' dir='ltr'>I.</span> <span class='ocrx_word' id='word_1_10' title='bbox 900 1118 947 1125; x_wconf 97' lang='lat'><strong>—</strong></span> <span class='ocrx_word' id='word_1_11' title='bbox 965 1098 1097 1132; x_wconf 69' lang='lat' dir='ltr'>Divisio</span> <span class='ocrx_word' id='word_1_12' title='bbox 1114 1096 1221 1132; x_wconf 70' lang='lat' dir='ltr'>orbiu.</span> 
     </span>
    </p>
   </div>
   <div class='ocr_carea' id='block_1_6' title="bbox 324 1194 1771 2513">
    <p class='ocr_par' dir='ltr' id='par_1_6' title="bbox 324 1194 1771 2513">
     <span class='ocr_line' id='line_1_6' title="bbox 385 1194 1753 1264; baseline -0.001 -21"><span class='ocrx_word' id='word_1_13' title='bbox 385 1199 528 1243; x_wconf 74' lang='lat' dir='ltr'>Omns</span> <span class='ocrx_word' id='word_1_14' title='bbox 551 1198 709 1262; x_wconf 80' lang='lat' dir='ltr'>itaque</span> <span class='ocrx_word' id='word_1_15' title='bbox 733 1198 886 1264; x_wconf 80' lang='lat' dir='ltr'>plaga,</span> <span class='ocrx_word' id='word_1_16' title='bbox 906 1215 1012 1263; x_wconf 84' lang='lat' dir='ltr'>quae</span> <span class='ocrx_word' id='word_1_17' title='bbox 1030 1195 1309 1245; x_wconf 79' lang='lat' dir='ltr'>mortalibus</span> <span class='ocrx_word' id='word_1_18' title='bbox 1325 1211 1429 1242; x_wconf 71' lang='lat' dir='ltr'>sese</span> <span class='ocrx_word' id='word_1_19' title='bbox 1445 1194 1753 1243; x_wconf 72' lang='lat' dir='ltr'>commodam</span> 
     </span>
     <span class='ocr_line' id='line_1_7' title="bbox 324 1270 1754 1343; baseline -0.002 -21"><span class='ocrx_word' id='word_1_20' title='bbox 324 1274 517 1340; x_wconf 79' lang='lat' dir='ltr'>praebet‚</span> <span class='ocrx_word' id='word_1_21' title='bbox 545 1293 572 1322; x_wconf 85' lang='lat' dir='ltr'>a</span> <span class='ocrx_word' id='word_1_22' title='bbox 589 1277 946 1343; x_wconf 79' lang='lat' dir='ltr'>cosmographis</span> <span class='ocrx_word' id='word_1_23' title='bbox 964 1275 1189 1323; x_wconf 80' lang='lat' dir='ltr'><strong>trifariam</strong></span> <span class='ocrx_word' id='word_1_24' title='bbox 1213 1272 1362 1321; x_wconf 89' lang='lat' dir='ltr'>dividi</span> <span class='ocrx_word' id='word_1_25' title='bbox 1384 1270 1677 1338; x_wconf 79' lang='lat' dir='ltr'>perhibetur,</span> <span class='ocrx_word' id='word_1_26' title='bbox 1703 1271 1754 1318; x_wconf 84' lang='lat' dir='ltr'>in</span> 
     </span>
     <span class='ocr_line' id='line_1_8' title="bbox 326 1343 1754 1419; baseline -0.001 -20"><span class='ocrx_word' id='word_1_27' title='bbox 326 1353 479 1399; x_wconf 79' lang='lat' dir='ltr'>Asiam</span> <span class='ocrx_word' id='word_1_28' title='bbox 504 1353 746 1414; x_wconf 84' lang='lat' dir='ltr'>videlicet,</span> <span class='ocrx_word' id='word_1_29' title='bbox 783 1355 1006 1413; x_wconf 76' lang='lat' dir='ltr'>Africam,</span> <span class='ocrx_word' id='word_1_30' title='bbox 1027 1363 1076 1401; x_wconf 85' lang='lat' dir='ltr'>et</span> <span class='ocrx_word' id='word_1_31' title='bbox 1093 1356 1349 1419; x_wconf 79' lang='lat' dir='ltr'><strong>Europam.</strong></span> <span class='ocrx_word' id='word_1_32' title='bbox 1372 1354 1588 1409; x_wconf 86' lang='lat' dir='ltr'>Quarum</span> <span class='ocrx_word' id='word_1_33' title='bbox 1602 1343 1754 1419; x_wconf 77' lang='lat' dir='ltr'>prior,</span> 
     </span>
     <span class='ocr_line' id='line_1_9' title="bbox 325 1429 1754 1499; baseline 0 -23"><span class='ocrx_word' id='word_1_34' title='bbox 325 1446 353 1476; x_wconf 85' lang='lat' dir='ltr'>a</span> <span class='ocrx_word' id='word_1_35' title='bbox 370 1432 709 1496; x_wconf 82' lang='lat' dir='ltr'>septemtrione</span> <span class='ocrx_word' id='word_1_36' title='bbox 725 1449 813 1499; x_wconf 87' lang='lat' dir='ltr'>per</span> <span class='ocrx_word' id='word_1_37' title='bbox 824 1432 1021 1480; x_wconf 87' lang='lat' dir='ltr'>orientis</span> <span class='ocrx_word' id='word_1_38' title='bbox 1037 1432 1281 1497; x_wconf 81' lang='lat' dir='ltr'>regionem</span> <span class='ocrx_word' id='word_1_39' title='bbox 1295 1445 1444 1494; x_wconf 87' lang='lat' dir='ltr'>usque</span> <span class='ocrx_word' id='word_1_40' title='bbox 1461 1429 1510 1476; x_wconf 87' lang='lat' dir='ltr'>in</span> <span class='ocrx_word' id='word_1_41' title='bbox 1522 1438 1754 1490; x_wconf 60' lang='lat' dir='ltr'>annuum,</span> 
     </span>
     <span class='ocr_line' id='line_1_10' title="bbox 326 1505 1759 1575; baseline -0.001 -20"><span class='ocrx_word' id='word_1_42' title='bbox 326 1509 616 1557; x_wconf 85' lang='lat' dir='ltr'>extrinsecus</span> <span class='ocrx_word' id='word_1_43' title='bbox 655 1514 849 1558; x_wconf 86' lang='lat' dir='ltr'>Oceano</span> <span class='ocrx_word' id='word_1_44' title='bbox 891 1510 1237 1569; x_wconf 80' lang='lat' dir='ltr'>disterminata,</span> <span class='ocrx_word' id='word_1_45' title='bbox 1275 1507 1470 1555; x_wconf 82' lang='lat' dir='ltr'>interius</span> <span class='ocrx_word' id='word_1_46' title='bbox 1506 1522 1534 1555; x_wconf 85' lang='lat' dir='ltr'>a</span> <span class='ocrx_word' id='word_1_47' title='bbox 1569 1505 1759 1575; x_wconf 79' lang='lat' dir='ltr'>Ripheis</span> 
     </span>
     <span class='ocr_line' id='line_1_11' title="bbox 330 1585 1760 1653; baseline 0 -19"><span class='ocrx_word' id='word_1_48' title='bbox 330 1587 573 1635; x_wconf 88' lang='lat' dir='ltr'>montibus</span> <span class='ocrx_word' id='word_1_49' title='bbox 608 1605 758 1653; x_wconf 86' lang='lat' dir='ltr'>usque</span> <span class='ocrx_word' id='word_1_50' title='bbox 793 1587 853 1635; x_wconf 91' lang='lat' dir='ltr'>ad</span> <span class='ocrx_word' id='word_1_51' title='bbox 885 1589 1018 1636; x_wconf 70' lang='lat' dir='ltr'>terra}</span> <span class='ocrx_word' id='word_1_52' title='bbox 1049 1586 1348 1645; x_wconf 81' lang='lat' dir='ltr'>umbilicum,</span> <span class='ocrx_word' id='word_1_53' title='bbox 1393 1585 1593 1645; x_wconf 80' lang='lat' dir='ltr'>Thanai,</span> <span class='ocrx_word' id='word_1_54' title='bbox 1631 1585 1760 1634; x_wconf 72' lang='lat' dir='ltr'>Meo-</span> 
     </span>
     <span class='ocr_line' id='line_1_12' title="bbox 331 1661 1761 1731; baseline -0.001 -19"><span class='ocrx_word' id='word_1_55' title='bbox 331 1664 484 1725; x_wconf 73' lang='lat' dir='ltr'>ibide,</span> <span class='ocrx_word' id='word_1_56' title='bbox 522 1666 964 1731; x_wconf 84' lang='lat' dir='ltr'>Mediterraneoque</span> <span class='ocrx_word' id='word_1_57' title='bbox 998 1666 1060 1714; x_wconf 91' lang='lat' dir='ltr'>ab</span> <span class='ocrx_word' id='word_1_58' title='bbox 1105 1668 1294 1731; x_wconf 81' lang='lat' dir='ltr'>Europa</span> <span class='ocrx_word' id='word_1_59' title='bbox 1330 1661 1655 1727; x_wconf 76' lang='lat' dir='ltr'>distinguitur3</span> <span class='ocrx_word' id='word_1_60' title='bbox 1698 1661 1761 1710; x_wconf 88' lang='lat' dir='ltr'>ab</span> 
     </span>
     <span class='ocr_line' id='line_1_13' title="bbox 332 1738 1765 1809; baseline 0 -20"><span class='ocrx_word' id='word_1_61' title='bbox 332 1742 557 1791; x_wconf 85' lang='lat' dir='ltr'>umbilico</span> <span class='ocrx_word' id='word_1_62' title='bbox 576 1762 690 1792; x_wconf 83' lang='lat' dir='ltr'>vero</span> <span class='ocrx_word' id='word_1_63' title='bbox 715 1762 865 1809; x_wconf 90' lang='lat' dir='ltr'>usque</span> <span class='ocrx_word' id='word_1_64' title='bbox 890 1745 938 1791; x_wconf 92' lang='lat' dir='ltr'>in</span> <span class='ocrx_word' id='word_1_65' title='bbox 963 1753 1201 1802; x_wconf 78' lang='lat' dir='ltr'>austrum,</span> <span class='ocrx_word' id='word_1_66' title='bbox 1229 1741 1335 1790; x_wconf 91' lang='lat' dir='ltr'>Nilo</span> <span class='ocrx_word' id='word_1_67' title='bbox 1361 1740 1506 1788; x_wconf 80' lang='lat' dir='ltr'>fluvio</span> <span class='ocrx_word' id='word_1_68' title='bbox 1527 1738 1589 1787; x_wconf 85' lang='lat' dir='ltr'>ab</span> <span class='ocrx_word' id='word_1_69' title='bbox 1613 1738 1765 1789; x_wconf 72' lang='lat' dir='ltr'>Affioe</span> 
     </span>
     <span class='ocr_line' id='line_1_14' title="bbox 332 1816 1763 1887; baseline -0.003 -19"><span class='ocrx_word' id='word_1_70' title='bbox 332 1831 403 1868; x_wconf 86' lang='lat' dir='ltr'>est</span> <span class='ocrx_word' id='word_1_71' title='bbox 420 1821 616 1869; x_wconf 90' lang='lat' dir='ltr'>seclusa.</span> <span class='ocrx_word' id='word_1_72' title='bbox 646 1822 846 1870; x_wconf 76' lang='lat' dir='ltr'>Africam</span> <span class='ocrx_word' id='word_1_73' title='bbox 871 1839 985 1870; x_wconf 86' lang='lat' dir='ltr'>vero</span> <span class='ocrx_word' id='word_1_74' title='bbox 1003 1833 1050 1869; x_wconf 84' lang='lat' dir='ltr'>et</span> <span class='ocrx_word' id='word_1_75' title='bbox 1069 1825 1325 1887; x_wconf 85' lang='lat' dir='ltr'>Europam,</span> <span class='ocrx_word' id='word_1_76' title='bbox 1348 1818 1551 1866; x_wconf 84' lang='lat' dir='ltr'>exterius</span> <span class='ocrx_word' id='word_1_77' title='bbox 1568 1816 1763 1883; x_wconf 88' lang='lat' dir='ltr'>quidem</span> 
     </span>
     <span class='ocr_line' id='line_1_15' title="bbox 333 1895 1766 1967; baseline -0.003 -20"><span class='ocrx_word' id='word_1_78' title='bbox 333 1899 395 1947; x_wconf 88' lang='lat' dir='ltr'>ab</span> <span class='ocrx_word' id='word_1_79' title='bbox 418 1910 579 1948; x_wconf 81' lang='lat' dir='ltr'>austro</span> <span class='ocrx_word' id='word_1_80' title='bbox 604 1900 653 1948; x_wconf 88' lang='lat' dir='ltr'>in</span> <span class='ocrx_word' id='word_1_81' title='bbox 677 1901 1065 1967; x_wconf 81' lang='lat' dir='ltr'>septemtrionem</span> <span class='ocrx_word' id='word_1_82' title='bbox 1089 1902 1284 1946; x_wconf 82' lang='lat' dir='ltr'>Oceano</span> <span class='ocrx_word' id='word_1_83' title='bbox 1306 1895 1643 1955; x_wconf 74' lang='lat' dir='ltr'>circumdatas,</span> <span class='ocrx_word' id='word_1_84' title='bbox 1668 1896 1766 1943; x_wconf 79' lang='lat' dir='ltr'>Me-</span> 
     </span>
     <span class='ocr_line' id='line_1_16' title="bbox 334 1974 1766 2042; baseline -0.003 -17"><span class='ocrx_word' id='word_1_85' title='bbox 334 1977 655 2026; x_wconf 88' lang='lat' dir='ltr'>diterraneum</span> <span class='ocrx_word' id='word_1_86' title='bbox 692 1978 988 2042; x_wconf 84' lang='lat' dir='ltr'>interjectum</span> <span class='ocrx_word' id='word_1_87' title='bbox 1017 1978 1028 2001; x_wconf 80' lang='lat'>‘</span> <span class='ocrx_word' id='word_1_88' title='bbox 1069 1977 1376 2025; x_wconf 86' lang='lat' dir='ltr'>discriminat.</span> <span class='ocrx_word' id='word_1_89' title='bbox 1411 1974 1482 2022; x_wconf 73' lang='lat' dir='ltr'>Ab</span> <span class='ocrx_word' id='word_1_90' title='bbox 1511 1974 1617 2023; x_wconf 77' lang='lat' dir='ltr'>Asia</span> <span class='ocrx_word' id='word_1_91' title='bbox 1649 1990 1766 2022; x_wconf 80' lang='lat' dir='ltr'>vero</span> 
     </span>
     <span class='ocr_line' id='line_1_17' title="bbox 336 2050 1768 2114; baseline -0.003 -11"><span class='ocrx_word' id='word_1_92' title='bbox 336 2056 532 2103; x_wconf 83' lang='lat' dir='ltr'>interius</span> <span class='ocrx_word' id='word_1_93' title='bbox 548 2073 713 2103; x_wconf 88' lang='lat' dir='ltr'>earum</span> <span class='ocrx_word' id='word_1_94' title='bbox 741 2055 937 2103; x_wconf 83' lang='lat' dir='ltr'>alteram</span> <span class='ocrx_word' id='word_1_95' title='bbox 961 2055 1114 2114; x_wconf 87' lang='lat' dir='ltr'>Nilus,</span> <span class='ocrx_word' id='word_1_96' title='bbox 1141 2053 1337 2103; x_wconf 84' lang='lat' dir='ltr'>alteram</span> <span class='ocrx_word' id='word_1_97' title='bbox 1362 2068 1476 2100; x_wconf 79' lang='lat' dir='ltr'>vem</span> <span class='ocrx_word' id='word_1_98' title='bbox 1498 2050 1768 2100; x_wconf 57' lang='lat' dir='ltr'>Meditata·</span> 
     </span>
     <span class='ocr_line' id='line_1_18' title="bbox 338 2129 1763 2199; baseline -0.005 -17"><span class='ocrx_word' id='word_1_99' title='bbox 338 2151 501 2194; x_wconf 89' lang='lat' dir='ltr'>neum,</span> <span class='ocrx_word' id='word_1_100' title='bbox 527 2134 824 2199; x_wconf 79' lang='lat' dir='ltr'>&#39;l&#39;hanaisque</span> <span class='ocrx_word' id='word_1_101' title='bbox 841 2150 898 2181; x_wconf 93' lang='lat' dir='ltr'>ac</span> <span class='ocrx_word' id='word_1_102' title='bbox 911 2133 1096 2191; x_wconf 80' lang='lat' dir='ltr'>Mentis,</span> <span class='ocrx_word' id='word_1_103' title='bbox 1119 2142 1172 2179; x_wconf 88' lang='lat' dir='ltr'>ut</span> <span class='ocrx_word' id='word_1_104' title='bbox 1189 2131 1370 2179; x_wconf 89' lang='lat' dir='ltr'>dictum</span> <span class='ocrx_word' id='word_1_105' title='bbox 1384 2139 1472 2189; x_wconf 85' lang='lat' dir='ltr'>est,</span> <span class='ocrx_word' id='word_1_106' title='bbox 1493 2129 1763 2194; x_wconf 76' lang='lat' dir='ltr'>sejungunt.</span> 
     </span>
     <span class='ocr_line' id='line_1_19' title="bbox 338 2206 1767 2277; baseline -0.003 -18"><span class='ocrx_word' id='word_1_107' title='bbox 338 2215 553 2271; x_wconf 89' lang='lat' dir='ltr'>Quarum</span> <span class='ocrx_word' id='word_1_108' title='bbox 577 2212 770 2276; x_wconf 86' lang='lat' dir='ltr'>singulae</span> <span class='ocrx_word' id='word_1_109' title='bbox 787 2227 898 2259; x_wconf 89' lang='lat' dir='ltr'>cum</span> <span class='ocrx_word' id='word_1_110' title='bbox 921 2211 1137 2277; x_wconf 89' lang='lat' dir='ltr'>proprias</span> <span class='ocrx_word' id='word_1_111' title='bbox 1153 2209 1361 2258; x_wconf 88' lang='lat' dir='ltr'>habeant</span> <span class='ocrx_word' id='word_1_112' title='bbox 1382 2206 1738 2256; x_wconf 74' lang='lat' dir='ltr'>distributiones</span> <span class='ocrx_word' id='word_1_113' title='bbox 1753 2242 1767 2265; x_wconf 88' lang='lat'>,</span> 
     </span>
     <span class='ocr_line' id='line_1_20' title="bbox 341 2283 1770 2359; baseline -0.006 -20"><span class='ocrx_word' id='word_1_114' title='bbox 341 2293 542 2359; x_wconf 80' lang='lat' dir='ltr'>Europae</span> <span class='ocrx_word' id='word_1_115' title='bbox 576 2300 734 2339; x_wconf 85' lang='lat' dir='ltr'>tamen</span> <span class='ocrx_word' id='word_1_116' title='bbox 785 2298 968 2356; x_wconf 81' lang='lat' dir='ltr'>partem</span> <span class='ocrx_word' id='word_1_117' title='bbox 1001 2304 1146 2336; x_wconf 85' lang='lat' dir='ltr'>unam</span> <span class='ocrx_word' id='word_1_118' title='bbox 1189 2303 1294 2353; x_wconf 80' lang='lat' dir='ltr'>quae</span> <span class='ocrx_word' id='word_1_119' title='bbox 1327 2284 1478 2333; x_wconf 84' lang='lat' dir='ltr'>Gallia</span> <span class='ocrx_word' id='word_1_120' title='bbox 1503 2301 1532 2332; x_wconf 87' lang='lat' dir='ltr'>a</span> <span class='ocrx_word' id='word_1_121' title='bbox 1560 2283 1770 2332; x_wconf 79' lang='lat' dir='ltr'>candore</span> 
     </span>
     <span class='ocr_line' id='line_1_21' title="bbox 341 2361 1771 2434; baseline -0.003 -19"><span class='ocrx_word' id='word_1_122' title='bbox 341 2379 554 2429; x_wconf 88' lang='lat' dir='ltr'>vocatur,</span> <span class='ocrx_word' id='word_1_123' title='bbox 566 2386 626 2417; x_wconf 92' lang='lat' dir='ltr'>eo</span> <span class='ocrx_word' id='word_1_124' title='bbox 640 2368 772 2434; x_wconf 88' lang='lat' dir='ltr'>quod</span> <span class='ocrx_word' id='word_1_125' title='bbox 787 2366 1075 2416; x_wconf 88' lang='lat' dir='ltr'>candidioris</span> <span class='ocrx_word' id='word_1_126' title='bbox 1092 2366 1263 2432; x_wconf 85' lang='lat' dir='ltr'>speciei</span> <span class='ocrx_word' id='word_1_127' title='bbox 1275 2365 1456 2428; x_wconf 81' lang='lat' dir='ltr'>insigne</span> <span class='ocrx_word' id='word_1_128' title='bbox 1467 2363 1568 2427; x_wconf 84' lang='lat' dir='ltr'>ejus</span> <span class='ocrx_word' id='word_1_129' title='bbox 1579 2361 1771 2412; x_wconf 87' lang='lat' dir='ltr'>oriundi</span> 
     </span>
     <span class='ocr_line' id='line_1_22' title="bbox 345 2441 1561 2513; baseline -0.006 -18"><span class='ocrx_word' id='word_1_130' title='bbox 345 2448 611 2513; x_wconf 73' lang='lat' dir='ltr'>piaeferant‚</span> <span class='ocrx_word' id='word_1_131' title='bbox 634 2448 681 2494; x_wconf 90' lang='lat' dir='ltr'>in</span> <span class='ocrx_word' id='word_1_132' title='bbox 702 2463 809 2494; x_wconf 81' lang='lat' dir='ltr'>suas</span> <span class='ocrx_word' id='word_1_133' title='bbox 826 2445 1050 2493; x_wconf 89' lang='lat' dir='ltr'>diducere</span> <span class='ocrx_word' id='word_1_134' title='bbox 1075 2455 1230 2510; x_wconf 87' lang='lat' dir='ltr'>partes</span> <span class='ocrx_word' id='word_1_135' title='bbox 1254 2453 1407 2491; x_wconf 88' lang='lat' dir='ltr'>ratum</span> <span class='ocrx_word' id='word_1_136' title='bbox 1433 2441 1561 2488; x_wconf 84' lang='lat' dir='ltr'>duxi.</span> 
     </span>
    </p>
   </div>
   <div class='ocr_carea' id='block_1_7' title="bbox 403 2589 723 2636">
    <p class='ocr_par' dir='ltr' id='par_1_7' title="bbox 403 2589 723 2636">
     <span class='ocr_line' id='line_1_23' title="bbox 403 2589 723 2636; baseline -0.009 -11"><span class='ocrx_word' id='word_1_137' title='bbox 403 2589 413 2609; x_wconf 77' lang='lat'>⁸</span> <span class='ocrx_word' id='word_1_138' title='bbox 434 2592 632 2636; x_wconf 74' lang='lat' dir='ltr'>interjectus</span> <span class='ocrx_word' id='word_1_139' title='bbox 650 2590 723 2623; x_wconf 83' lang='lat' dir='ltr'>cod.</span> 
     </span>
    </p>
   </div>
  </div>
 </body>
</html>
