1962 3262
312 199 364 236 :30
803 198 1020 240 mem-:m
1054 199 1153 240 1018.
1187 200 1222 239 1.

312 280 408 325 nelei
421 290 640 337 mortem,
674 279 909 327 malorum
925 280 1082 342 filu-m
1111 291 1341 345 exspecto.
1376 283 1482 340 Qua
1509 297 1737 350 conques-

311 356 441 404 tione
465 354 583 405 alios
604 355 667 404 ad
689 355 1058 405 benivolentiam
1075 358 1230 418 traxit,
1257 358 1375 406 alios
1397 374 1512 406 vero
1529 358 1592 408 ad
1607 358 1738 412 lueri-

312 450 414 483 mas
442 434 643 502 impulit.
681 434 818 484 Unde
841 445 889 483 et
917 435 1087 484 milites
1125 452 1214 501 pro
1243 452 1302 485 eo
1331 445 1544 500 agentes,
1577 447 1738 503 regem

311 511 604 574 demulcent,
646 523 694 561 et
717 512 779 561 ad
807 513 992 580 pietatis
1026 512 1325 562 clementiam
1364 514 1588 575 suadent3
1619 514 1740 564 nihil
1795 550 1809 557 -

310 591 408 656 regi
426 590 653 657 prodesse
671 600 946 649 asserentes,
973 591 1014 639 si
1036 607 1233 639 suorum
1256 592 1490 658 quispiam
1515 592 1735 654 intereat3

310 667 460 715 immo
493 669 542 715 in
573 668 745 715 tiranni
773 668 1009 716 occisione
1039 669 1367 733 gaudendum,
1399 670 1474 717 vel
1498 671 1608 735 quia
1632 670 1740 720 vitae

311 745 449 793 datus
473 746 531 792 sit
554 745 592 792 si
612 744 762 792 fidelis
780 745 995 804 decessit,
1016 745 1091 793 vel
1109 747 1220 811 quia
1237 746 1338 810 ejus
1356 747 1534 794 insidiae
1551 747 1740 812 penitus

310 824 567 872 defecerint
591 824 630 870 si
654 824 702 871 in
721 823 836 870 dolo
859 823 1148 889 baptismum
1165 826 1435 891 susceperit.
1456 825 1640 884 Quibus
1658 842 1740 874 rex

311 903 524 951 animum
567 911 856 968 temperans,
897 902 1129 950 tumulato
1160 901 1387 963 barbaro,
1426 906 1655 968 lngonem
1689 904 1738 951 in

310 981 457 1046 gratia
476 980 685 1028 resumit.
708 981 767 1027 Et
784 975 977 1046 insuper
993 990 1198 1027 castrum
1214 979 1346 1045 quod
1366 980 1551 1029 Blesum
1569 980 1741 1030 dicitur

311 1060 355 1107 ei
378 1058 631 1107 liberaliter
652 1057 1005 1116 accommodat,
1028 1074 1086 1105 eo
1110 1056 1243 1122 quod
1268 1057 1306 1103 is
1329 1057 1412 1123 qui
1436 1058 1575 1106 castri
1588 1069 1742 1108 custo-

312 1136 440 1185 diam
481 1134 670 1200 agebat,
714 1135 763 1183 in
801 1134 928 1182 bello
967 1135 1180 1200 pyratico
1224 1135 1408 1182 occisus
1442 1145 1579 1184 esset.
1628 1136 1742 1203 Ejus

311 1229 504 1280 quoque
530 1229 731 1261 uxorem.
751 1211 1041 1272 derelictam,
1070 1211 1202 1259 dono
1221 1212 1350 1277 regio
1368 1213 1419 1260 in
1432 1213 1742 1277 ‘matrimonio

311 1296 428 1356 lngo
445 1291 536 1338 sibi
561 1289 823 1357 accopulat.
854 1290 988 1354 Regis
1017 1288 1187 1337 exinde
1215 1306 1271 1338 ac
1303 1290 1573 1356 principum
1595 1290 1744 1356 gratia

312 1370 577 1418 admodum
606 1385 741 1426 usus,
769 1383 996 1433 prospere
1023 1383 1080 1414 ac
1110 1366 1303 1415 feliciter
1338 1368 1504 1417 omnia
1531 1367 1738 1433 semlant.

314 1450 491 1495 Verum
508 1446 557 1494 id
582 1446 631 1493 in
654 1444 804 1493 brevi.
828 1447 948 1492 Nam
971 1443 1223 1492 vulnerum
1246 1445 1399 1493 sanies
1415 1444 1539 1493 male
1554 1461 1585 1493 a
1599 1445 1745 1495 duit*

313 1525 382 1590 gis
405 1533 670 1591 amputata,
696 1538 816 1589 ‘cum
853 1521 943 1570 sub
970 1523 1168 1570 recutita
1202 1521 1472 1588 superficie,
1506 1531 1742 1595 tumorem

314 1603 594 1651 intrinsecus
630 1609 928 1666 operaretur,
973 1599 1123 1646 nimio
1162 1598 1378 1646 humoris
1411 1601 1740 1661 reumatismo,

313 1681 421 1748 plus
443 1679 638 1728 biennio
656 1687 867 1737 vexatus,
895 1678 944 1725 in
963 1676 1136 1725 lectum
1161 1675 1351 1725 decidit.
1381 1677 1520 1725 Unde
1537 1687 1586 1725 et
1607 1678 1748 1727 inter·

314 1759 447 1807 cluso
465 1767 694 1815 reumate,
715 1755 903 1823 penitus
920 1755 1158 1803 intumuit.
1176 1755 1348 1820 Sicque
1365 1764 1467 1802 toto
1490 1754 1745 1822 erisipilato

316 1854 536 1903 corpore,
556 1836 703 1883 vitam
727 1834 899 1893 amisit,
920 1833 1175 1881 Gerlonem
1198 1832 1347 1880 filium
1371 1849 1572 1900 parvum
1588 1849 1747 1901 super-

318 1916 475 1963 stitem
492 1912 798 1979 relinquens,
811 1913 893 1978 qui
911 1910 972 1959 ab
990 1928 1099 1976 rege
1117 1912 1261 1958 tutori
1285 1911 1589 1972 commissus,
1606 1911 1748 1978 patri·

319 1993 537 2041 monium
555 2009 666 2041 cum
684 2001 835 2039 matre
852 1988 1077 2056 possedit.

662 2320 750 2355 xn.
767 2339 815 2348 --
831 2319 1039 2355 promotio·
1059 2318 1182 2354 Karoli
1198 2318 1235 2352 in
1249 2318 1409 2365 ressm‘.

390 2426 572 2473 Interea
594 2441 675 2472 rex
700 2441 727 2471 a
757 2425 1006 2471 Lemovica
1030 2422 1148 2471 urbe
1171 2421 1402 2480 dimotus,
1432 2419 1748 2469 Ecbolisinam

325 2502 464 2569 petit,
486 2520 542 2552 ac
564 2502 629 2550 ibi
653 2519 851 2568 quaeque
869 2495 1074 2567 gerenda
1091 2500 1315 2567 disponit.
1353 2502 1448 2546 Nec
1465 2498 1616 2547 multo
1639 2508 1749 2564 post

327 2595 492 2651 petens
511 2585 834 2646 Petragoram‚
861 2579 1095 2628 nobilium
1117 2595 1281 2627 causas
1304 2594 1409 2643 quae
1431 2577 1590 2625 litibus
1614 2576 1753 2640 agita·

376 2723 394 2742 ⁹
420 2720 489 2763 tio,
507 2731 563 2753 em
579 2717 717 2752 absciaa.
